Ticker,Per,Date,Time,Last,Vol
US2.AAPL,0,20170301,09:30:00,137.890000000,100
US2.AAPL,0,20170301,09:30:00,137.880000000,100
US2.AAPL,0,20170301,09:30:00,137.890000000,100
US2.AAPL,0,20170301,09:30:00,137.940000000,100
US2.AAPL,0,20170301,09:30:01,137.940000000,100
US2.AAPL,0,20170301,09:30:02,137.940000000,100
US2.AAPL,0,20170301,09:30:02,137.980000000,100
US2.AAPL,0,20170301,09:30:05,137.990000000,100
US2.AAPL,0,20170301,09:30:05,137.990000000,100
US2.AAPL,0,20170301,09:30:07,138.000000000,100
US2.AAPL,0,20170301,09:30:07,138.000000000,331
US2.AAPL,0,20170301,09:30:07,138.000000000,260
US2.AAPL,0,20170301,09:30:08,138.000000000,100
US2.AAPL,0,20170301,09:30:09,138.000000000,487
US2.AAPL,0,20170301,09:30:09,138.000000000,100
US2.AAPL,0,20170301,09:30:09,137.980000000,200
US2.AAPL,0,20170301,09:30:09,137.980000000,200
US2.AAPL,0,20170301,09:30:09,137.980000000,100
US2.AAPL,0,20170301,09:30:09,137.970000000,100
US2.AAPL,0,20170301,09:30:10,138.000000000,100
US2.AAPL,0,20170301,09:30:12,138.000000000,100
US2.AAPL,0,20170301,09:30:12,138.000000000,200
US2.AAPL,0,20170301,09:30:12,138.000000000,223
US2.AAPL,0,20170301,09:30:13,137.960000000,200
US2.AAPL,0,20170301,09:30:13,137.960000000,200
US2.AAPL,0,20170301,09:30:13,137.960000000,100
US2.AAPL,0,20170301,09:30:14,137.960000000,100
US2.AAPL,0,20170301,09:30:14,137.960000000,100
US2.AAPL,0,20170301,09:30:14,137.960000000,100
US2.AAPL,0,20170301,09:30:14,137.940000000,100
US2.AAPL,0,20170301,09:30:14,137.930000000,100
US2.AAPL,0,20170301,09:30:14,137.970000000,100
US2.AAPL,0,20170301,09:30:14,137.970000000,100
US2.AAPL,0,20170301,09:30:16,137.940000000,100
US2.AAPL,0,20170301,09:30:17,137.970000000,100
US2.AAPL,0,20170301,09:30:17,137.970000000,100
US2.AAPL,0,20170301,09:30:18,138.000000000,800
US2.AAPL,0,20170301,09:30:19,138.000000000,100
US2.AAPL,0,20170301,09:30:19,138.000000000,100
US2.AAPL,0,20170301,09:30:19,138.000000000,400
US2.AAPL,0,20170301,09:30:20,137.980000000,100
US2.AAPL,0,20170301,09:30:20,137.970000000,100
US2.AAPL,0,20170301,09:30:20,137.970000000,100
US2.AAPL,0,20170301,09:30:20,137.960000000,100
US2.AAPL,0,20170301,09:30:20,137.960000000,200
US2.AAPL,0,20170301,09:30:20,138.000000000,100
US2.AAPL,0,20170301,09:30:21,138.000000000,400
US2.AAPL,0,20170301,09:30:21,137.970000000,100
US2.AAPL,0,20170301,09:30:25,137.960000000,700
US2.AAPL,0,20170301,09:30:25,137.960000000,100
US2.AAPL,0,20170301,09:30:25,137.960000000,100
US2.AAPL,0,20170301,09:30:25,137.960000000,185
US2.AAPL,0,20170301,09:30:25,137.960000000,100
US2.AAPL,0,20170301,09:30:26,137.965000000,100
US2.AAPL,0,20170301,09:30:26,137.970000000,100
US2.AAPL,0,20170301,09:30:26,137.970000000,200
US2.AAPL,0,20170301,09:30:27,137.980000000,100
US2.AAPL,0,20170301,09:30:27,137.980000000,231
US2.AAPL,0,20170301,09:30:27,137.990000000,100
US2.AAPL,0,20170301,09:30:31,137.970000000,100
US2.AAPL,0,20170301,09:30:31,137.970000000,100
US2.AAPL,0,20170301,09:30:31,137.970000000,100
US2.AAPL,0,20170301,09:30:31,137.970000000,100
US2.AAPL,0,20170301,09:30:31,137.970000000,100
US2.AAPL,0,20170301,09:30:33,137.970000000,100
US2.AAPL,0,20170301,09:30:33,137.970000000,100
US2.AAPL,0,20170301,09:30:35,137.970000000,100
US2.AAPL,0,20170301,09:30:36,137.990000000,100
US2.AAPL,0,20170301,09:30:41,137.960000000,100
US2.AAPL,0,20170301,09:30:43,137.970000000,100
US2.AAPL,0,20170301,09:30:45,137.960000000,100
US2.AAPL,0,20170301,09:30:45,137.960000000,100
US2.AAPL,0,20170301,09:30:50,137.950000000,100
US2.AAPL,0,20170301,09:30:50,137.940000000,200
US2.AAPL,0,20170301,09:30:50,137.940000000,253
US2.AAPL,0,20170301,09:30:51,137.940000000,100
US2.AAPL,0,20170301,09:30:52,137.930000000,100
US2.AAPL,0,20170301,09:30:53,137.930000000,100
US2.AAPL,0,20170301,09:30:55,137.920000000,100
US2.AAPL,0,20170301,09:30:55,137.910000000,100
US2.AAPL,0,20170301,09:30:55,137.910000000,100
US2.AAPL,0,20170301,09:30:56,137.920000000,100
US2.AAPL,0,20170301,09:30:58,137.950000000,100
US2.AAPL,0,20170301,09:30:58,137.950000000,100
US2.AAPL,0,20170301,09:31:00,137.950000000,100
US2.AAPL,0,20170301,09:31:00,137.950000000,100
US2.AAPL,0,20170301,09:31:00,137.950000000,100
US2.AAPL,0,20170301,09:31:00,137.940000000,100
US2.AAPL,0,20170301,09:31:07,137.940000000,100
US2.AAPL,0,20170301,09:31:09,137.930000000,200
US2.AAPL,0,20170301,09:31:09,137.950000000,180
US2.AAPL,0,20170301,09:31:11,137.910000000,100
US2.AAPL,0,20170301,09:31:11,137.910000000,100
US2.AAPL,0,20170301,09:31:12,137.900000000,200
US2.AAPL,0,20170301,09:31:14,137.900000000,300
US2.AAPL,0,20170301,09:31:15,137.900000000,100
US2.AAPL,0,20170301,09:31:15,137.890000000,100
US2.AAPL,0,20170301,09:31:15,137.880000000,100
US2.AAPL,0,20170301,09:31:16,137.910000000,200
US2.AAPL,0,20170301,09:31:16,137.910000000,100
US2.AAPL,0,20170301,09:31:17,137.910000000,100
US2.AAPL,0,20170301,09:31:19,137.910000000,100
US2.AAPL,0,20170301,09:31:19,137.910000000,100
US2.AAPL,0,20170301,09:31:19,137.910000000,100
US2.AAPL,0,20170301,09:31:20,137.910000000,100
US2.AAPL,0,20170301,09:31:20,137.910000000,100
US2.AAPL,0,20170301,09:31:22,137.910000000,200
US2.AAPL,0,20170301,09:31:22,137.910000000,100
US2.AAPL,0,20170301,09:31:23,137.920000000,100
US2.AAPL,0,20170301,09:31:23,137.930000000,100
US2.AAPL,0,20170301,09:31:23,137.930000000,135
US2.AAPL,0,20170301,09:31:24,137.950000000,100
US2.AAPL,0,20170301,09:31:24,137.930000000,300
US2.AAPL,0,20170301,09:31:24,137.930000000,100
US2.AAPL,0,20170301,09:31:24,137.930000000,100
US2.AAPL,0,20170301,09:31:24,137.920000000,100
US2.AAPL,0,20170301,09:31:24,137.920000000,100
US2.AAPL,0,20170301,09:31:24,137.920000000,100
US2.AAPL,0,20170301,09:31:25,137.950000000,100
US2.AAPL,0,20170301,09:31:25,137.920000000,100
US2.AAPL,0,20170301,09:31:25,137.920000000,100
US2.AAPL,0,20170301,09:31:25,137.950000000,100
US2.AAPL,0,20170301,09:31:30,137.960000000,100
US2.AAPL,0,20170301,09:31:30,137.960000000,123
US2.AAPL,0,20170301,09:31:30,137.950000000,100
US2.AAPL,0,20170301,09:31:30,137.950000000,100
US2.AAPL,0,20170301,09:31:30,137.960000000,200
US2.AAPL,0,20170301,09:31:33,137.950000000,100
US2.AAPL,0,20170301,09:31:33,137.950000000,100
US2.AAPL,0,20170301,09:31:33,137.950000000,200
US2.AAPL,0,20170301,09:31:33,137.950000000,100
US2.AAPL,0,20170301,09:31:35,137.950000000,100
US2.AAPL,0,20170301,09:31:40,137.960000000,100
US2.AAPL,0,20170301,09:31:40,137.960000000,100
US2.AAPL,0,20170301,09:31:42,137.980000000,100
US2.AAPL,0,20170301,09:31:42,137.960000000,100
US2.AAPL,0,20170301,09:31:45,137.930000000,100
US2.AAPL,0,20170301,09:31:45,137.920000000,100
US2.AAPL,0,20170301,09:31:45,137.920000000,400
US2.AAPL,0,20170301,09:31:46,137.920000000,200
US2.AAPL,0,20170301,09:31:47,137.930000000,100
US2.AAPL,0,20170301,09:31:47,137.940000000,100
US2.AAPL,0,20170301,09:31:47,137.940000000,100
US2.AAPL,0,20170301,09:31:49,137.950000000,100
US2.AAPL,0,20170301,09:31:50,137.940000000,100
US2.AAPL,0,20170301,09:31:50,137.940000000,100
US2.AAPL,0,20170301,09:31:51,137.940000000,300
US2.AAPL,0,20170301,09:31:51,137.940000000,100
US2.AAPL,0,20170301,09:31:53,137.950000000,100
US2.AAPL,0,20170301,09:31:53,137.940000000,200
US2.AAPL,0,20170301,09:31:57,137.960000000,200
US2.AAPL,0,20170301,09:31:57,137.960000000,100
US2.AAPL,0,20170301,09:32:00,137.960000000,100
US2.AAPL,0,20170301,09:32:01,137.920000000,100
US2.AAPL,0,20170301,09:32:03,137.910000000,100
US2.AAPL,0,20170301,09:32:03,137.910000000,100
US2.AAPL,0,20170301,09:32:05,137.860000000,100
US2.AAPL,0,20170301,09:32:09,137.820000000,100
US2.AAPL,0,20170301,09:32:09,137.810000000,100
US2.AAPL,0,20170301,09:32:11,137.820000000,100
US2.AAPL,0,20170301,09:32:12,137.800000000,100
US2.AAPL,0,20170301,09:32:15,137.760000000,200
US2.AAPL,0,20170301,09:32:15,137.760000000,100
US2.AAPL,0,20170301,09:32:17,137.730000000,100
US2.AAPL,0,20170301,09:32:19,137.720000000,100
US2.AAPL,0,20170301,09:32:23,137.720000000,100
US2.AAPL,0,20170301,09:32:27,137.730000000,100
US2.AAPL,0,20170301,09:32:27,137.730000000,100
US2.AAPL,0,20170301,09:32:29,137.730000000,100
US2.AAPL,0,20170301,09:32:30,137.730000000,100
US2.AAPL,0,20170301,09:32:35,137.730000000,100
US2.AAPL,0,20170301,09:32:35,137.730000000,100
US2.AAPL,0,20170301,09:32:35,137.730000000,100
US2.AAPL,0,20170301,09:32:35,137.730000000,233
US2.AAPL,0,20170301,09:32:37,137.760000000,100
US2.AAPL,0,20170301,09:32:39,137.790000000,100
US2.AAPL,0,20170301,09:32:39,137.810000000,100
US2.AAPL,0,20170301,09:32:39,137.810000000,200
US2.AAPL,0,20170301,09:32:39,137.810000000,344
US2.AAPL,0,20170301,09:32:40,137.820000000,100
US2.AAPL,0,20170301,09:32:40,137.820000000,100
US2.AAPL,0,20170301,09:32:42,137.820000000,100
US2.AAPL,0,20170301,09:32:42,137.820000000,100
US2.AAPL,0,20170301,09:32:45,137.840000000,100
US2.AAPL,0,20170301,09:32:47,137.850000000,100
US2.AAPL,0,20170301,09:32:52,137.830000000,100
US2.AAPL,0,20170301,09:32:52,137.830000000,402
US2.AAPL,0,20170301,09:32:55,137.770000000,100
US2.AAPL,0,20170301,09:32:58,137.800000000,100
US2.AAPL,0,20170301,09:32:59,137.830000000,100
US2.AAPL,0,20170301,09:32:59,137.830000000,100
US2.AAPL,0,20170301,09:32:59,137.830000000,126
US2.AAPL,0,20170301,09:32:59,137.810000000,100
US2.AAPL,0,20170301,09:33:02,137.840000000,100
US2.AAPL,0,20170301,09:33:02,137.840000000,100
US2.AAPL,0,20170301,09:33:03,137.830000000,200
US2.AAPL,0,20170301,09:33:03,137.850000000,100
US2.AAPL,0,20170301,09:33:03,137.860000000,100
US2.AAPL,0,20170301,09:33:03,137.860000000,100
US2.AAPL,0,20170301,09:33:03,137.870000000,100
US2.AAPL,0,20170301,09:33:08,137.880000000,100
US2.AAPL,0,20170301,09:33:14,137.920000000,200
US2.AAPL,0,20170301,09:33:15,137.930000000,200
US2.AAPL,0,20170301,09:33:15,137.930000000,100
US2.AAPL,0,20170301,09:33:15,137.940000000,100
US2.AAPL,0,20170301,09:33:15,137.950000000,200
US2.AAPL,0,20170301,09:33:15,137.940000000,100
US2.AAPL,0,20170301,09:33:15,137.940000000,100
US2.AAPL,0,20170301,09:33:15,137.940000000,100
US2.AAPL,0,20170301,09:33:17,137.940000000,100
US2.AAPL,0,20170301,09:33:17,137.940000000,100
US2.AAPL,0,20170301,09:33:18,137.930000000,100
US2.AAPL,0,20170301,09:33:21,137.930000000,158
US2.AAPL,0,20170301,09:33:21,137.930000000,163
US2.AAPL,0,20170301,09:33:21,137.930000000,237
US2.AAPL,0,20170301,09:33:21,137.940000000,100
US2.AAPL,0,20170301,09:33:21,137.940000000,100
US2.AAPL,0,20170301,09:33:23,137.940000000,100
US2.AAPL,0,20170301,09:33:23,137.930000000,100
US2.AAPL,0,20170301,09:33:23,137.930000000,100
US2.AAPL,0,20170301,09:33:23,137.930000000,100
US2.AAPL,0,20170301,09:33:24,137.930000000,100
US2.AAPL,0,20170301,09:33:24,137.930000000,100
US2.AAPL,0,20170301,09:33:25,137.930000000,100
US2.AAPL,0,20170301,09:33:25,137.930000000,100
US2.AAPL,0,20170301,09:33:25,137.930000000,100
US2.AAPL,0,20170301,09:33:25,137.930000000,100
US2.AAPL,0,20170301,09:33:25,137.940000000,187
US2.AAPL,0,20170301,09:33:25,137.930000000,100
US2.AAPL,0,20170301,09:33:25,137.930000000,100
US2.AAPL,0,20170301,09:33:25,137.930000000,100
US2.AAPL,0,20170301,09:33:25,137.930000000,100
US2.AAPL,0,20170301,09:33:25,137.930000000,100
US2.AAPL,0,20170301,09:33:29,137.920000000,100
US2.AAPL,0,20170301,09:33:29,137.900000000,100
US2.AAPL,0,20170301,09:33:33,137.910000000,100
US2.AAPL,0,20170301,09:33:40,137.950000000,193
US2.AAPL,0,20170301,09:33:41,137.970000000,100
US2.AAPL,0,20170301,09:33:41,137.970000000,100
US2.AAPL,0,20170301,09:33:43,137.960000000,100
US2.AAPL,0,20170301,09:33:43,137.960000000,100
US2.AAPL,0,20170301,09:33:43,137.960000000,100
US2.AAPL,0,20170301,09:33:48,137.960000000,100
US2.AAPL,0,20170301,09:33:49,137.960000000,200
US2.AAPL,0,20170301,09:33:50,137.940000000,100
US2.AAPL,0,20170301,09:33:53,137.870000000,100
US2.AAPL,0,20170301,09:33:53,137.860000000,100
US2.AAPL,0,20170301,09:33:54,137.870000000,100
US2.AAPL,0,20170301,09:33:54,137.870000000,100
US2.AAPL,0,20170301,09:33:55,137.890000000,100
US2.AAPL,0,20170301,09:33:57,137.880000000,100
US2.AAPL,0,20170301,09:33:57,137.880000000,100
US2.AAPL,0,20170301,09:33:59,137.870000000,100
US2.AAPL,0,20170301,09:33:59,137.880000000,100
US2.AAPL,0,20170301,09:33:59,137.870000000,100
US2.AAPL,0,20170301,09:34:03,137.880000000,200
US2.AAPL,0,20170301,09:34:03,137.880000000,100
US2.AAPL,0,20170301,09:34:04,137.880000000,100
US2.AAPL,0,20170301,09:34:04,137.880000000,100
US2.AAPL,0,20170301,09:34:04,137.880000000,100
US2.AAPL,0,20170301,09:34:04,137.880000000,100
US2.AAPL,0,20170301,09:34:04,137.870000000,200
US2.AAPL,0,20170301,09:34:04,137.870000000,100
US2.AAPL,0,20170301,09:34:06,137.840000000,200
US2.AAPL,0,20170301,09:34:07,137.830000000,100
US2.AAPL,0,20170301,09:34:08,137.810000000,100
US2.AAPL,0,20170301,09:34:09,137.820000000,216
US2.AAPL,0,20170301,09:34:12,137.830000000,100
US2.AAPL,0,20170301,09:34:12,137.830000000,100
US2.AAPL,0,20170301,09:34:12,137.830000000,100
US2.AAPL,0,20170301,09:34:12,137.840000000,100
US2.AAPL,0,20170301,09:34:12,137.850000000,100
US2.AAPL,0,20170301,09:34:12,137.850000000,100
US2.AAPL,0,20170301,09:34:12,137.850000000,200
US2.AAPL,0,20170301,09:34:16,137.860000000,100
US2.AAPL,0,20170301,09:34:16,137.850000000,100
US2.AAPL,0,20170301,09:34:16,137.850000000,100
US2.AAPL,0,20170301,09:34:16,137.850000000,100
US2.AAPL,0,20170301,09:34:16,137.840000000,100
US2.AAPL,0,20170301,09:34:21,137.820000000,100
US2.AAPL,0,20170301,09:34:21,137.820000000,100
US2.AAPL,0,20170301,09:34:21,137.810000000,200
US2.AAPL,0,20170301,09:34:21,137.800000000,100
US2.AAPL,0,20170301,09:34:22,137.800000000,200
US2.AAPL,0,20170301,09:34:25,137.830000000,100
US2.AAPL,0,20170301,09:34:25,137.830000000,100
US2.AAPL,0,20170301,09:34:26,137.860000000,100
US2.AAPL,0,20170301,09:34:29,137.870000000,100
US2.AAPL,0,20170301,09:34:30,137.850000000,200
US2.AAPL,0,20170301,09:34:30,137.840000000,200
US2.AAPL,0,20170301,09:34:31,137.810000000,100
US2.AAPL,0,20170301,09:34:32,137.830000000,100
US2.AAPL,0,20170301,09:34:32,137.840000000,100
US2.AAPL,0,20170301,09:34:32,137.850000000,100
US2.AAPL,0,20170301,09:34:33,137.860000000,172
US2.AAPL,0,20170301,09:34:33,137.850000000,100
US2.AAPL,0,20170301,09:34:33,137.850000000,182
US2.AAPL,0,20170301,09:34:33,137.850000000,182
US2.AAPL,0,20170301,09:34:35,137.840000000,100
US2.AAPL,0,20170301,09:34:35,137.840000000,100
US2.AAPL,0,20170301,09:34:35,137.840000000,100
US2.AAPL,0,20170301,09:34:35,137.840000000,100
US2.AAPL,0,20170301,09:34:35,137.830000000,100
US2.AAPL,0,20170301,09:34:36,137.820000000,100
US2.AAPL,0,20170301,09:34:36,137.820000000,100
US2.AAPL,0,20170301,09:34:36,137.820000000,100
US2.AAPL,0,20170301,09:34:36,137.820000000,100
US2.AAPL,0,20170301,09:34:37,137.830000000,200
US2.AAPL,0,20170301,09:34:37,137.830000000,136
US2.AAPL,0,20170301,09:34:40,137.850000000,100
US2.AAPL,0,20170301,09:34:42,137.850000000,100
US2.AAPL,0,20170301,09:34:42,137.860000000,199
US2.AAPL,0,20170301,09:34:42,137.870000000,100
US2.AAPL,0,20170301,09:34:46,137.850000000,100
US2.AAPL,0,20170301,09:34:46,137.850000000,100
US2.AAPL,0,20170301,09:34:46,137.850000000,100
US2.AAPL,0,20170301,09:34:46,137.850000000,100
US2.AAPL,0,20170301,09:34:47,137.810000000,100
US2.AAPL,0,20170301,09:34:49,137.830000000,100
US2.AAPL,0,20170301,09:34:49,137.830000000,100
US2.AAPL,0,20170301,09:34:50,137.800000000,100
US2.AAPL,0,20170301,09:34:50,137.800000000,100
US2.AAPL,0,20170301,09:34:50,137.790000000,100
US2.AAPL,0,20170301,09:34:50,137.790000000,100
US2.AAPL,0,20170301,09:34:50,137.800000000,100
US2.AAPL,0,20170301,09:34:53,137.820000000,100
US2.AAPL,0,20170301,09:34:53,137.830000000,100
US2.AAPL,0,20170301,09:34:55,137.850000000,100
US2.AAPL,0,20170301,09:34:56,137.840000000,200
US2.AAPL,0,20170301,09:34:56,137.840000000,329
US2.AAPL,0,20170301,09:34:56,137.840000000,271
US2.AAPL,0,20170301,09:34:56,137.830000000,100
US2.AAPL,0,20170301,09:35:00,137.820000000,100
US2.AAPL,0,20170301,09:35:01,137.830000000,100
US2.AAPL,0,20170301,09:35:01,137.830000000,100
US2.AAPL,0,20170301,09:35:01,137.830000000,100
US2.AAPL,0,20170301,09:35:02,137.830000000,100
US2.AAPL,0,20170301,09:35:02,137.820000000,100
US2.AAPL,0,20170301,09:35:02,137.810000000,100
US2.AAPL,0,20170301,09:35:02,137.800000000,100
US2.AAPL,0,20170301,09:35:02,137.800000000,100
US2.AAPL,0,20170301,09:35:02,137.810000000,100
US2.AAPL,0,20170301,09:35:02,137.790000000,100
US2.AAPL,0,20170301,09:35:02,137.780000000,100
US2.AAPL,0,20170301,09:35:02,137.780000000,100
US2.AAPL,0,20170301,09:35:02,137.780000000,100
US2.AAPL,0,20170301,09:35:02,137.770000000,100
US2.AAPL,0,20170301,09:35:04,137.780000000,100
US2.AAPL,0,20170301,09:35:07,137.780000000,100
US2.AAPL,0,20170301,09:35:07,137.780000000,100
US2.AAPL,0,20170301,09:35:08,137.750000000,700
US2.AAPL,0,20170301,09:35:08,137.750000000,1300
US2.AAPL,0,20170301,09:35:08,137.750000000,100
US2.AAPL,0,20170301,09:35:10,137.760000000,100
US2.AAPL,0,20170301,09:35:10,137.750000000,100
US2.AAPL,0,20170301,09:35:10,137.750000000,100
US2.AAPL,0,20170301,09:35:13,137.720000000,1250
US2.AAPL,0,20170301,09:35:15,137.700000000,100
US2.AAPL,0,20170301,09:35:15,137.720000000,100
US2.AAPL,0,20170301,09:35:15,137.720000000,100
US2.AAPL,0,20170301,09:35:15,137.720000000,100
US2.AAPL,0,20170301,09:35:18,137.720000000,100
US2.AAPL,0,20170301,09:35:18,137.720000000,100
US2.AAPL,0,20170301,09:35:18,137.720000000,100
US2.AAPL,0,20170301,09:35:19,137.720000000,100
US2.AAPL,0,20170301,09:35:19,137.720000000,100
US2.AAPL,0,20170301,09:35:20,137.710000000,100
US2.AAPL,0,20170301,09:35:21,137.700000000,100
US2.AAPL,0,20170301,09:35:21,137.700000000,100
US2.AAPL,0,20170301,09:35:25,137.705000000,100
US2.AAPL,0,20170301,09:35:25,137.700000000,100
US2.AAPL,0,20170301,09:35:25,137.700000000,100
US2.AAPL,0,20170301,09:35:27,137.700000000,100
US2.AAPL,0,20170301,09:35:28,137.710000000,100
US2.AAPL,0,20170301,09:35:29,137.700000000,100
US2.AAPL,0,20170301,09:35:29,137.700000000,100
US2.AAPL,0,20170301,09:35:29,137.700000000,100
US2.AAPL,0,20170301,09:35:29,137.700000000,200
US2.AAPL,0,20170301,09:35:30,137.700000000,100
US2.AAPL,0,20170301,09:35:30,137.705000000,100
US2.AAPL,0,20170301,09:35:31,137.700000000,100
US2.AAPL,0,20170301,09:35:32,137.700000000,100
US2.AAPL,0,20170301,09:35:33,137.700000000,100
US2.AAPL,0,20170301,09:35:33,137.710000000,100
US2.AAPL,0,20170301,09:35:33,137.710000000,100
US2.AAPL,0,20170301,09:35:33,137.710000000,100
US2.AAPL,0,20170301,09:35:34,137.700000000,100
US2.AAPL,0,20170301,09:35:34,137.700000000,100
US2.AAPL,0,20170301,09:35:34,137.680000000,100
US2.AAPL,0,20170301,09:35:36,137.685000000,100
US2.AAPL,0,20170301,09:35:37,137.685000000,100
US2.AAPL,0,20170301,09:35:37,137.670000000,100
US2.AAPL,0,20170301,09:35:37,137.670000000,100
US2.AAPL,0,20170301,09:35:44,137.630000000,200
US2.AAPL,0,20170301,09:35:44,137.630000000,100
US2.AAPL,0,20170301,09:35:44,137.630000000,100
US2.AAPL,0,20170301,09:35:44,137.630000000,200
US2.AAPL,0,20170301,09:35:44,137.630000000,300
US2.AAPL,0,20170301,09:35:46,137.630000000,100
US2.AAPL,0,20170301,09:35:48,137.630000000,100
US2.AAPL,0,20170301,09:35:53,137.620000000,100
US2.AAPL,0,20170301,09:35:57,137.620000000,100
US2.AAPL,0,20170301,09:35:57,137.620000000,100
US2.AAPL,0,20170301,09:35:58,137.615000000,100
US2.AAPL,0,20170301,09:35:58,137.610000000,300
US2.AAPL,0,20170301,09:35:58,137.610000000,100
US2.AAPL,0,20170301,09:35:58,137.610000000,101
US2.AAPL,0,20170301,09:35:58,137.610000000,200
US2.AAPL,0,20170301,09:36:04,137.620000000,100
US2.AAPL,0,20170301,09:36:04,137.620000000,100
US2.AAPL,0,20170301,09:36:04,137.620000000,100
US2.AAPL,0,20170301,09:36:05,137.630000000,100
US2.AAPL,0,20170301,09:36:05,137.640000000,100
US2.AAPL,0,20170301,09:36:05,137.650000000,100
US2.AAPL,0,20170301,09:36:05,137.660000000,100
US2.AAPL,0,20170301,09:36:10,137.680000000,108
US2.AAPL,0,20170301,09:36:10,137.680000000,100
US2.AAPL,0,20170301,09:36:12,137.670000000,100
US2.AAPL,0,20170301,09:36:13,137.670000000,100
US2.AAPL,0,20170301,09:36:13,137.670000000,100
US2.AAPL,0,20170301,09:36:14,137.675000000,100
US2.AAPL,0,20170301,09:36:16,137.690000000,100
US2.AAPL,0,20170301,09:36:17,137.700000000,100
US2.AAPL,0,20170301,09:36:17,137.700000000,100
US2.AAPL,0,20170301,09:36:18,137.720000000,100
US2.AAPL,0,20170301,09:36:18,137.710000000,115
US2.AAPL,0,20170301,09:36:21,137.710000000,100
US2.AAPL,0,20170301,09:36:21,137.710000000,100
US2.AAPL,0,20170301,09:36:21,137.710000000,100
US2.AAPL,0,20170301,09:36:31,137.710000000,100
US2.AAPL,0,20170301,09:36:32,137.720000000,100
US2.AAPL,0,20170301,09:36:32,137.720000000,100
US2.AAPL,0,20170301,09:36:33,137.730000000,500
US2.AAPL,0,20170301,09:36:34,137.740000000,100
US2.AAPL,0,20170301,09:36:36,137.740000000,100
US2.AAPL,0,20170301,09:36:37,137.750000000,536
US2.AAPL,0,20170301,09:36:37,137.750000000,100
US2.AAPL,0,20170301,09:36:38,137.760000000,7000
US2.AAPL,0,20170301,09:36:38,137.760000000,123
US2.AAPL,0,20170301,09:36:38,137.760000000,100
US2.AAPL,0,20170301,09:36:39,137.760000000,100
US2.AAPL,0,20170301,09:36:41,137.760000000,8851
US2.AAPL,0,20170301,09:36:41,137.770000000,200
US2.AAPL,0,20170301,09:36:42,137.770000000,100
US2.AAPL,0,20170301,09:36:51,137.800000000,100
US2.AAPL,0,20170301,09:36:52,137.790000000,100
US2.AAPL,0,20170301,09:36:52,137.790000000,100
US2.AAPL,0,20170301,09:36:53,137.800000000,100
US2.AAPL,0,20170301,09:36:53,137.800000000,100
US2.AAPL,0,20170301,09:36:54,137.810000000,100
US2.AAPL,0,20170301,09:37:01,137.815000000,100
US2.AAPL,0,20170301,09:37:01,137.810000000,300
US2.AAPL,0,20170301,09:37:01,137.810000000,201
US2.AAPL,0,20170301,09:37:01,137.810000000,100
US2.AAPL,0,20170301,09:37:01,137.810000000,300
US2.AAPL,0,20170301,09:37:01,137.800000000,100
US2.AAPL,0,20170301,09:37:01,137.770000000,100
US2.AAPL,0,20170301,09:37:03,137.790000000,100
US2.AAPL,0,20170301,09:37:03,137.790000000,100
US2.AAPL,0,20170301,09:37:03,137.790000000,100
US2.AAPL,0,20170301,09:37:03,137.795000000,100
US2.AAPL,0,20170301,09:37:03,137.790000000,100
US2.AAPL,0,20170301,09:37:04,137.780000000,100
US2.AAPL,0,20170301,09:37:05,137.790000000,100
US2.AAPL,0,20170301,09:37:05,137.790000000,100
US2.AAPL,0,20170301,09:37:06,137.800000000,100
US2.AAPL,0,20170301,09:37:06,137.800000000,100
US2.AAPL,0,20170301,09:37:06,137.800000000,100
US2.AAPL,0,20170301,09:37:06,137.800000000,100
US2.AAPL,0,20170301,09:37:07,137.800000000,100
US2.AAPL,0,20170301,09:37:08,137.800000000,100
US2.AAPL,0,20170301,09:37:12,137.810000000,100
US2.AAPL,0,20170301,09:37:17,137.800000000,100
US2.AAPL,0,20170301,09:37:17,137.800000000,100
US2.AAPL,0,20170301,09:37:20,137.780000000,100
US2.AAPL,0,20170301,09:37:20,137.780000000,100
US2.AAPL,0,20170301,09:37:20,137.780000000,100
US2.AAPL,0,20170301,09:37:20,137.780000000,100
US2.AAPL,0,20170301,09:37:20,137.780000000,100
US2.AAPL,0,20170301,09:37:20,137.780000000,236
US2.AAPL,0,20170301,09:37:22,137.770000000,200
US2.AAPL,0,20170301,09:37:22,137.770000000,100
US2.AAPL,0,20170301,09:37:25,137.760000000,100
US2.AAPL,0,20170301,09:37:25,137.760000000,104
US2.AAPL,0,20170301,09:37:28,137.700000000,100
US2.AAPL,0,20170301,09:37:33,137.720000000,100
US2.AAPL,0,20170301,09:37:34,137.720000000,100
US2.AAPL,0,20170301,09:37:36,137.730000000,100
US2.AAPL,0,20170301,09:37:36,137.740000000,100
US2.AAPL,0,20170301,09:37:37,137.740000000,100
US2.AAPL,0,20170301,09:37:37,137.740000000,100
US2.AAPL,0,20170301,09:37:38,137.720000000,100
US2.AAPL,0,20170301,09:37:39,137.740000000,200
US2.AAPL,0,20170301,09:37:39,137.750000000,100
US2.AAPL,0,20170301,09:37:39,137.750000000,100
US2.AAPL,0,20170301,09:37:39,137.750000000,146
US2.AAPL,0,20170301,09:37:40,137.760000000,100
US2.AAPL,0,20170301,09:37:42,137.780000000,100
US2.AAPL,0,20170301,09:37:42,137.770000000,100
US2.AAPL,0,20170301,09:37:42,137.770000000,100
US2.AAPL,0,20170301,09:37:45,137.775000000,100
US2.AAPL,0,20170301,09:37:45,137.780000000,100
US2.AAPL,0,20170301,09:37:45,137.780000000,100
US2.AAPL,0,20170301,09:37:45,137.780000000,400
US2.AAPL,0,20170301,09:37:46,137.770000000,100
US2.AAPL,0,20170301,09:37:46,137.770000000,100
US2.AAPL,0,20170301,09:37:50,137.770000000,100
US2.AAPL,0,20170301,09:37:50,137.770000000,100
US2.AAPL,0,20170301,09:37:50,137.770000000,100
US2.AAPL,0,20170301,09:37:51,137.770000000,100
US2.AAPL,0,20170301,09:37:55,137.770000000,100
US2.AAPL,0,20170301,09:37:55,137.780000000,100
US2.AAPL,0,20170301,09:37:55,137.790000000,100
US2.AAPL,0,20170301,09:37:55,137.790000000,100
US2.AAPL,0,20170301,09:37:55,137.800000000,100
US2.AAPL,0,20170301,09:37:55,137.800000000,100
US2.AAPL,0,20170301,09:37:55,137.800000000,100
US2.AAPL,0,20170301,09:37:55,137.800000000,100
US2.AAPL,0,20170301,09:37:55,137.810000000,100
US2.AAPL,0,20170301,09:37:55,137.810000000,200
US2.AAPL,0,20170301,09:37:55,137.820000000,100
US2.AAPL,0,20170301,09:37:55,137.820000000,100
US2.AAPL,0,20170301,09:37:55,137.820000000,200
US2.AAPL,0,20170301,09:37:56,137.830000000,100
US2.AAPL,0,20170301,09:37:57,137.820000000,247
US2.AAPL,0,20170301,09:37:57,137.810000000,153
US2.AAPL,0,20170301,09:37:58,137.800000000,100
US2.AAPL,0,20170301,09:37:59,137.790000000,100
US2.AAPL,0,20170301,09:38:03,137.770000000,100
US2.AAPL,0,20170301,09:38:03,137.760000000,100
US2.AAPL,0,20170301,09:38:03,137.760000000,100
US2.AAPL,0,20170301,09:38:05,137.760000000,100
US2.AAPL,0,20170301,09:38:05,137.760000000,100
US2.AAPL,0,20170301,09:38:05,137.760000000,100
US2.AAPL,0,20170301,09:38:05,137.760000000,100
US2.AAPL,0,20170301,09:38:06,137.760000000,100
US2.AAPL,0,20170301,09:38:07,137.770000000,100
US2.AAPL,0,20170301,09:38:08,137.780000000,100
US2.AAPL,0,20170301,09:38:08,137.780000000,100
US2.AAPL,0,20170301,09:38:10,137.760000000,100
US2.AAPL,0,20170301,09:38:11,137.750000000,100
US2.AAPL,0,20170301,09:38:11,137.740000000,100
US2.AAPL,0,20170301,09:38:12,137.760000000,100
US2.AAPL,0,20170301,09:38:15,137.740000000,100
US2.AAPL,0,20170301,09:38:16,137.750000000,100
US2.AAPL,0,20170301,09:38:16,137.750000000,100
US2.AAPL,0,20170301,09:38:16,137.750000000,100
US2.AAPL,0,20170301,09:38:16,137.760000000,100
US2.AAPL,0,20170301,09:38:19,137.770000000,100
US2.AAPL,0,20170301,09:38:19,137.770000000,100
US2.AAPL,0,20170301,09:38:19,137.770000000,100
US2.AAPL,0,20170301,09:38:19,137.770000000,100
US2.AAPL,0,20170301,09:38:19,137.770000000,100
US2.AAPL,0,20170301,09:38:23,137.770000000,100
US2.AAPL,0,20170301,09:38:24,137.780000000,100
US2.AAPL,0,20170301,09:38:24,137.780000000,100
US2.AAPL,0,20170301,09:38:27,137.780000000,100
US2.AAPL,0,20170301,09:38:27,137.780000000,100
US2.AAPL,0,20170301,09:38:31,137.790000000,200
US2.AAPL,0,20170301,09:38:33,137.800000000,100
US2.AAPL,0,20170301,09:38:33,137.800000000,100
US2.AAPL,0,20170301,09:38:34,137.770000000,100
US2.AAPL,0,20170301,09:38:34,137.770000000,100
US2.AAPL,0,20170301,09:38:38,137.760000000,100
US2.AAPL,0,20170301,09:38:39,137.770000000,100
US2.AAPL,0,20170301,09:38:39,137.770000000,100
US2.AAPL,0,20170301,09:38:39,137.770000000,100
US2.AAPL,0,20170301,09:38:41,137.780000000,100
US2.AAPL,0,20170301,09:38:43,137.800000000,100
US2.AAPL,0,20170301,09:38:47,137.790000000,100
US2.AAPL,0,20170301,09:38:47,137.790000000,100
US2.AAPL,0,20170301,09:38:47,137.790000000,200
US2.AAPL,0,20170301,09:38:47,137.790000000,100
US2.AAPL,0,20170301,09:38:47,137.790000000,100
US2.AAPL,0,20170301,09:38:48,137.790000000,100
US2.AAPL,0,20170301,09:38:49,137.760000000,100
US2.AAPL,0,20170301,09:38:50,137.760000000,100
US2.AAPL,0,20170301,09:38:50,137.760000000,100
US2.AAPL,0,20170301,09:38:51,137.740000000,100
US2.AAPL,0,20170301,09:38:51,137.740000000,100
US2.AAPL,0,20170301,09:38:51,137.750000000,100
US2.AAPL,0,20170301,09:38:51,137.750000000,100
US2.AAPL,0,20170301,09:38:55,137.740000000,100
US2.AAPL,0,20170301,09:38:55,137.740000000,100
US2.AAPL,0,20170301,09:38:55,137.740000000,100
US2.AAPL,0,20170301,09:38:57,137.740000000,100
US2.AAPL,0,20170301,09:38:57,137.750000000,130
US2.AAPL,0,20170301,09:38:58,137.740000000,100
US2.AAPL,0,20170301,09:39:00,137.750000000,100
US2.AAPL,0,20170301,09:39:04,137.750000000,195
US2.AAPL,0,20170301,09:39:05,137.760000000,100
US2.AAPL,0,20170301,09:39:05,137.760000000,100
US2.AAPL,0,20170301,09:39:05,137.760000000,100
US2.AAPL,0,20170301,09:39:05,137.760000000,100
US2.AAPL,0,20170301,09:39:06,137.770000000,100
US2.AAPL,0,20170301,09:39:09,137.790000000,100
US2.AAPL,0,20170301,09:39:10,137.800000000,100
US2.AAPL,0,20170301,09:39:12,137.800000000,100
US2.AAPL,0,20170301,09:39:13,137.790000000,100
US2.AAPL,0,20170301,09:39:13,137.790000000,100
US2.AAPL,0,20170301,09:39:13,137.770000000,100
US2.AAPL,0,20170301,09:39:13,137.770000000,100
US2.AAPL,0,20170301,09:39:15,137.750000000,100
US2.AAPL,0,20170301,09:39:19,137.750000000,100
US2.AAPL,0,20170301,09:39:21,137.750000000,200
US2.AAPL,0,20170301,09:39:21,137.750000000,100
US2.AAPL,0,20170301,09:39:21,137.750000000,100
US2.AAPL,0,20170301,09:39:26,137.750000000,100
US2.AAPL,0,20170301,09:39:26,137.750000000,100
US2.AAPL,0,20170301,09:39:26,137.750000000,300
US2.AAPL,0,20170301,09:39:29,137.760000000,100
US2.AAPL,0,20170301,09:39:31,137.750000000,100
US2.AAPL,0,20170301,09:39:31,137.750000000,100
US2.AAPL,0,20170301,09:39:31,137.740000000,100
US2.AAPL,0,20170301,09:39:32,137.730000000,100
US2.AAPL,0,20170301,09:39:34,137.730000000,100
US2.AAPL,0,20170301,09:39:34,137.730000000,100
US2.AAPL,0,20170301,09:39:36,137.740000000,100
US2.AAPL,0,20170301,09:39:36,137.740000000,100
US2.AAPL,0,20170301,09:39:37,137.740000000,100
US2.AAPL,0,20170301,09:39:37,137.750000000,100
US2.AAPL,0,20170301,09:39:37,137.750000000,100
US2.AAPL,0,20170301,09:39:37,137.750000000,100
US2.AAPL,0,20170301,09:39:37,137.740000000,100
US2.AAPL,0,20170301,09:39:43,137.750000000,100
US2.AAPL,0,20170301,09:39:43,137.740000000,100
US2.AAPL,0,20170301,09:39:45,137.750000000,100
US2.AAPL,0,20170301,09:39:45,137.760000000,100
US2.AAPL,0,20170301,09:39:45,137.760000000,100
US2.AAPL,0,20170301,09:39:45,137.760000000,100
US2.AAPL,0,20170301,09:39:45,137.780000000,100
US2.AAPL,0,20170301,09:39:45,137.780000000,100
US2.AAPL,0,20170301,09:39:45,137.780000000,100
US2.AAPL,0,20170301,09:39:45,137.780000000,100
US2.AAPL,0,20170301,09:39:45,137.780000000,100
US2.AAPL,0,20170301,09:39:45,137.780000000,100
US2.AAPL,0,20170301,09:39:45,137.790000000,200
US2.AAPL,0,20170301,09:39:45,137.790000000,100
US2.AAPL,0,20170301,09:39:45,137.790000000,100
US2.AAPL,0,20170301,09:39:45,137.790000000,100
US2.AAPL,0,20170301,09:39:45,137.785000000,100
US2.AAPL,0,20170301,09:39:45,137.800000000,100
US2.AAPL,0,20170301,09:39:45,137.790000000,100
US2.AAPL,0,20170301,09:39:46,137.790000000,100
US2.AAPL,0,20170301,09:39:46,137.790000000,103
US2.AAPL,0,20170301,09:39:46,137.780000000,100
US2.AAPL,0,20170301,09:39:46,137.780000000,100
US2.AAPL,0,20170301,09:39:46,137.770000000,100
US2.AAPL,0,20170301,09:39:47,137.780000000,100
US2.AAPL,0,20170301,09:39:49,137.795000000,100
US2.AAPL,0,20170301,09:39:50,137.800000000,100
US2.AAPL,0,20170301,09:39:50,137.800000000,323
US2.AAPL,0,20170301,09:39:56,137.790000000,100
US2.AAPL,0,20170301,09:39:56,137.790000000,200
US2.AAPL,0,20170301,09:39:56,137.790000000,100
US2.AAPL,0,20170301,09:39:56,137.790000000,200
US2.AAPL,0,20170301,09:39:56,137.790000000,100
US2.AAPL,0,20170301,09:39:58,137.780000000,100
US2.AAPL,0,20170301,09:40:03,137.770000000,100
US2.AAPL,0,20170301,09:40:04,137.750000000,100
US2.AAPL,0,20170301,09:40:04,137.750000000,100
US2.AAPL,0,20170301,09:40:05,137.740000000,100
US2.AAPL,0,20170301,09:40:06,137.740000000,200
US2.AAPL,0,20170301,09:40:06,137.740000000,200
US2.AAPL,0,20170301,09:40:06,137.740000000,100
US2.AAPL,0,20170301,09:40:07,137.750000000,100
US2.AAPL,0,20170301,09:40:07,137.750000000,100
US2.AAPL,0,20170301,09:40:07,137.750000000,100
US2.AAPL,0,20170301,09:40:07,137.750000000,100
US2.AAPL,0,20170301,09:40:07,137.750000000,100
US2.AAPL,0,20170301,09:40:08,137.750000000,100
US2.AAPL,0,20170301,09:40:10,137.755000000,100
US2.AAPL,0,20170301,09:40:10,137.760000000,100
US2.AAPL,0,20170301,09:40:13,137.755000000,100
US2.AAPL,0,20170301,09:40:13,137.750000000,100
US2.AAPL,0,20170301,09:40:13,137.750000000,100
US2.AAPL,0,20170301,09:40:13,137.750000000,100
US2.AAPL,0,20170301,09:40:23,137.750000000,100
US2.AAPL,0,20170301,09:40:23,137.750000000,100
US2.AAPL,0,20170301,09:40:23,137.750000000,100
US2.AAPL,0,20170301,09:40:23,137.740000000,500
US2.AAPL,0,20170301,09:40:23,137.740000000,100
US2.AAPL,0,20170301,09:40:29,137.730000000,100
US2.AAPL,0,20170301,09:40:29,137.730000000,100
US2.AAPL,0,20170301,09:40:31,137.725000000,100
US2.AAPL,0,20170301,09:40:35,137.720000000,100
US2.AAPL,0,20170301,09:40:35,137.720000000,100
US2.AAPL,0,20170301,09:40:38,137.720000000,100
US2.AAPL,0,20170301,09:40:38,137.720000000,177
US2.AAPL,0,20170301,09:40:38,137.720000000,100
US2.AAPL,0,20170301,09:40:38,137.720000000,100
US2.AAPL,0,20170301,09:40:38,137.710000000,100
US2.AAPL,0,20170301,09:40:38,137.690000000,100
US2.AAPL,0,20170301,09:40:38,137.690000000,100
US2.AAPL,0,20170301,09:40:39,137.680000000,200
US2.AAPL,0,20170301,09:40:40,137.705000000,100
US2.AAPL,0,20170301,09:40:42,137.700000000,100
US2.AAPL,0,20170301,09:40:42,137.700000000,100
US2.AAPL,0,20170301,09:40:44,137.700000000,100
US2.AAPL,0,20170301,09:40:45,137.700000000,100
US2.AAPL,0,20170301,09:40:48,137.710000000,200
US2.AAPL,0,20170301,09:40:48,137.710000000,100
US2.AAPL,0,20170301,09:40:48,137.720000000,100
US2.AAPL,0,20170301,09:40:48,137.710000000,100
US2.AAPL,0,20170301,09:40:49,137.710000000,100
US2.AAPL,0,20170301,09:40:51,137.680000000,100
US2.AAPL,0,20170301,09:40:51,137.680000000,100
US2.AAPL,0,20170301,09:40:51,137.680000000,200
US2.AAPL,0,20170301,09:40:51,137.680000000,100
US2.AAPL,0,20170301,09:40:51,137.680000000,100
US2.AAPL,0,20170301,09:40:51,137.680000000,100
US2.AAPL,0,20170301,09:40:51,137.690000000,100
US2.AAPL,0,20170301,09:40:51,137.690000000,100
US2.AAPL,0,20170301,09:40:51,137.690000000,100
US2.AAPL,0,20170301,09:40:51,137.690000000,100
US2.AAPL,0,20170301,09:40:54,137.690000000,100
US2.AAPL,0,20170301,09:40:57,137.690000000,100
US2.AAPL,0,20170301,09:40:57,137.680000000,100
US2.AAPL,0,20170301,09:41:02,137.700000000,100
US2.AAPL,0,20170301,09:41:04,137.720000000,100
US2.AAPL,0,20170301,09:41:04,137.720000000,100
US2.AAPL,0,20170301,09:41:04,137.720000000,100
US2.AAPL,0,20170301,09:41:04,137.720000000,100
US2.AAPL,0,20170301,09:41:04,137.720000000,100
US2.AAPL,0,20170301,09:41:04,137.720000000,100
US2.AAPL,0,20170301,09:41:07,137.740000000,100
US2.AAPL,0,20170301,09:41:09,137.740000000,100
US2.AAPL,0,20170301,09:41:10,137.720000000,100
US2.AAPL,0,20170301,09:41:11,137.720000000,100
US2.AAPL,0,20170301,09:41:11,137.720000000,100
US2.AAPL,0,20170301,09:41:18,137.700000000,100
US2.AAPL,0,20170301,09:41:18,137.705000000,100
US2.AAPL,0,20170301,09:41:18,137.710000000,100
US2.AAPL,0,20170301,09:41:18,137.700000000,200
US2.AAPL,0,20170301,09:41:19,137.700000000,100
US2.AAPL,0,20170301,09:41:19,137.700000000,100
US2.AAPL,0,20170301,09:41:19,137.700000000,100
US2.AAPL,0,20170301,09:41:22,137.710000000,100
US2.AAPL,0,20170301,09:41:25,137.710000000,100
US2.AAPL,0,20170301,09:41:27,137.720000000,100
US2.AAPL,0,20170301,09:41:27,137.720000000,100
US2.AAPL,0,20170301,09:41:27,137.720000000,100
US2.AAPL,0,20170301,09:41:28,137.730000000,100
US2.AAPL,0,20170301,09:41:28,137.730000000,100
US2.AAPL,0,20170301,09:41:28,137.730000000,100
US2.AAPL,0,20170301,09:41:29,137.730000000,136
US2.AAPL,0,20170301,09:41:31,137.740000000,100
US2.AAPL,0,20170301,09:41:31,137.740000000,100
US2.AAPL,0,20170301,09:41:31,137.740000000,100
US2.AAPL,0,20170301,09:41:31,137.745000000,100
US2.AAPL,0,20170301,09:41:34,137.750000000,100
US2.AAPL,0,20170301,09:41:34,137.750000000,100
US2.AAPL,0,20170301,09:41:34,137.750000000,100
US2.AAPL,0,20170301,09:41:38,137.760000000,100
US2.AAPL,0,20170301,09:41:38,137.760000000,100
US2.AAPL,0,20170301,09:41:39,137.750000000,100
US2.AAPL,0,20170301,09:41:39,137.750000000,100
US2.AAPL,0,20170301,09:41:41,137.750000000,138
US2.AAPL,0,20170301,09:41:41,137.750000000,100
US2.AAPL,0,20170301,09:41:41,137.750000000,100
US2.AAPL,0,20170301,09:41:41,137.750000000,100
US2.AAPL,0,20170301,09:41:46,137.740000000,185
US2.AAPL,0,20170301,09:41:47,137.730000000,100
US2.AAPL,0,20170301,09:41:51,137.730000000,100
US2.AAPL,0,20170301,09:41:58,137.735000000,100
US2.AAPL,0,20170301,09:41:59,137.730000000,100
US2.AAPL,0,20170301,09:42:00,137.740000000,100
US2.AAPL,0,20170301,09:42:00,137.750000000,100
US2.AAPL,0,20170301,09:42:03,137.770000000,100
US2.AAPL,0,20170301,09:42:03,137.770000000,100
US2.AAPL,0,20170301,09:42:03,137.770000000,100
US2.AAPL,0,20170301,09:42:06,137.760000000,100
US2.AAPL,0,20170301,09:42:06,137.760000000,100
US2.AAPL,0,20170301,09:42:06,137.760000000,100
US2.AAPL,0,20170301,09:42:06,137.770000000,200
US2.AAPL,0,20170301,09:42:06,137.770000000,100
US2.AAPL,0,20170301,09:42:06,137.770000000,100
US2.AAPL,0,20170301,09:42:06,137.780000000,100
US2.AAPL,0,20170301,09:42:06,137.780000000,100
US2.AAPL,0,20170301,09:42:06,137.780000000,100
US2.AAPL,0,20170301,09:42:06,137.770000000,200
US2.AAPL,0,20170301,09:42:06,137.770000000,100
US2.AAPL,0,20170301,09:42:08,137.760000000,100
US2.AAPL,0,20170301,09:42:11,137.770000000,100
US2.AAPL,0,20170301,09:42:11,137.770000000,100
US2.AAPL,0,20170301,09:42:19,137.780000000,100
US2.AAPL,0,20170301,09:42:19,137.780000000,100
US2.AAPL,0,20170301,09:42:19,137.790000000,100
US2.AAPL,0,20170301,09:42:19,137.790000000,100
US2.AAPL,0,20170301,09:42:19,137.790000000,100
US2.AAPL,0,20170301,09:42:20,137.790000000,100
US2.AAPL,0,20170301,09:42:20,137.790000000,100
US2.AAPL,0,20170301,09:42:22,137.790000000,100
US2.AAPL,0,20170301,09:42:23,137.790000000,100
US2.AAPL,0,20170301,09:42:23,137.790000000,100
US2.AAPL,0,20170301,09:42:23,137.790000000,100
US2.AAPL,0,20170301,09:42:29,137.800000000,100
US2.AAPL,0,20170301,09:42:29,137.800000000,100
US2.AAPL,0,20170301,09:42:29,137.810000000,100
US2.AAPL,0,20170301,09:42:29,137.820000000,100
US2.AAPL,0,20170301,09:42:29,137.820000000,100
US2.AAPL,0,20170301,09:42:29,137.820000000,100
US2.AAPL,0,20170301,09:42:29,137.840000000,100
US2.AAPL,0,20170301,09:42:29,137.840000000,100
US2.AAPL,0,20170301,09:42:31,137.840000000,100
US2.AAPL,0,20170301,09:42:32,137.840000000,100
US2.AAPL,0,20170301,09:42:33,137.840000000,165
US2.AAPL,0,20170301,09:42:36,137.830000000,100
US2.AAPL,0,20170301,09:42:42,137.850000000,136
US2.AAPL,0,20170301,09:42:42,137.850000000,300
US2.AAPL,0,20170301,09:42:42,137.850000000,167
US2.AAPL,0,20170301,09:42:42,137.850000000,346
US2.AAPL,0,20170301,09:42:42,137.850000000,100
US2.AAPL,0,20170301,09:42:45,137.870000000,100
US2.AAPL,0,20170301,09:42:45,137.870000000,100
US2.AAPL,0,20170301,09:42:45,137.870000000,100
US2.AAPL,0,20170301,09:42:51,137.890000000,100
US2.AAPL,0,20170301,09:42:51,137.890000000,100
US2.AAPL,0,20170301,09:42:53,137.890000000,100
US2.AAPL,0,20170301,09:42:53,137.890000000,100
US2.AAPL,0,20170301,09:42:53,137.890000000,100
US2.AAPL,0,20170301,09:42:53,137.890000000,201
US2.AAPL,0,20170301,09:42:53,137.890000000,299
US2.AAPL,0,20170301,09:42:53,137.890000000,100
US2.AAPL,0,20170301,09:42:53,137.900000000,725
US2.AAPL,0,20170301,09:42:54,137.900000000,100
US2.AAPL,0,20170301,09:43:02,137.890000000,100
US2.AAPL,0,20170301,09:43:02,137.890000000,100
US2.AAPL,0,20170301,09:43:02,137.890000000,232
US2.AAPL,0,20170301,09:43:04,137.890000000,100
US2.AAPL,0,20170301,09:43:09,137.880000000,100
US2.AAPL,0,20170301,09:43:10,137.880000000,100
US2.AAPL,0,20170301,09:43:12,137.870000000,100
US2.AAPL,0,20170301,09:43:17,137.860000000,100
US2.AAPL,0,20170301,09:43:21,137.860000000,100
US2.AAPL,0,20170301,09:43:21,137.850000000,100
US2.AAPL,0,20170301,09:43:25,137.850000000,100
US2.AAPL,0,20170301,09:43:27,137.850000000,400
US2.AAPL,0,20170301,09:43:29,137.845000000,100
US2.AAPL,0,20170301,09:43:30,137.850000000,100
US2.AAPL,0,20170301,09:43:33,137.860000000,100
US2.AAPL,0,20170301,09:43:33,137.860000000,100
US2.AAPL,0,20170301,09:43:33,137.850000000,100
US2.AAPL,0,20170301,09:43:34,137.850000000,100
US2.AAPL,0,20170301,09:43:34,137.850000000,100
US2.AAPL,0,20170301,09:43:38,137.850000000,100
US2.AAPL,0,20170301,09:43:40,137.850000000,100
US2.AAPL,0,20170301,09:43:40,137.850000000,100
US2.AAPL,0,20170301,09:43:45,137.850000000,178
US2.AAPL,0,20170301,09:43:47,137.850000000,100
US2.AAPL,0,20170301,09:43:48,137.850000000,100
US2.AAPL,0,20170301,09:43:48,137.850000000,206
US2.AAPL,0,20170301,09:43:50,137.850000000,100
US2.AAPL,0,20170301,09:43:52,137.850000000,100
US2.AAPL,0,20170301,09:43:56,137.850000000,100
US2.AAPL,0,20170301,09:44:04,137.850000000,100
US2.AAPL,0,20170301,09:44:04,137.850000000,100
US2.AAPL,0,20170301,09:44:04,137.850000000,100
US2.AAPL,0,20170301,09:44:06,137.860000000,100
US2.AAPL,0,20170301,09:44:06,137.860000000,100
US2.AAPL,0,20170301,09:44:06,137.860000000,100
US2.AAPL,0,20170301,09:44:06,137.860000000,100
US2.AAPL,0,20170301,09:44:07,137.860000000,100
US2.AAPL,0,20170301,09:44:14,137.870000000,100
US2.AAPL,0,20170301,09:44:14,137.870000000,100
US2.AAPL,0,20170301,09:44:14,137.880000000,100
US2.AAPL,0,20170301,09:44:16,137.890000000,100
US2.AAPL,0,20170301,09:44:17,137.890000000,100
US2.AAPL,0,20170301,09:44:17,137.890000000,100
US2.AAPL,0,20170301,09:44:17,137.880000000,200
US2.AAPL,0,20170301,09:44:21,137.870000000,200
US2.AAPL,0,20170301,09:44:21,137.870000000,400
US2.AAPL,0,20170301,09:44:21,137.870000000,300
US2.AAPL,0,20170301,09:44:22,137.870000000,100
US2.AAPL,0,20170301,09:44:26,137.880000000,100
US2.AAPL,0,20170301,09:44:26,137.880000000,100
US2.AAPL,0,20170301,09:44:27,137.880000000,100
US2.AAPL,0,20170301,09:44:30,137.880000000,100
US2.AAPL,0,20170301,09:44:30,137.890000000,100
US2.AAPL,0,20170301,09:44:30,137.890000000,100
US2.AAPL,0,20170301,09:44:30,137.890000000,100
US2.AAPL,0,20170301,09:44:30,137.900000000,146
US2.AAPL,0,20170301,09:44:30,137.890000000,109
US2.AAPL,0,20170301,09:44:30,137.890000000,100
US2.AAPL,0,20170301,09:44:36,137.900000000,381
US2.AAPL,0,20170301,09:44:36,137.900000000,525
US2.AAPL,0,20170301,09:44:36,137.900000000,100
US2.AAPL,0,20170301,09:44:36,137.900000000,100
US2.AAPL,0,20170301,09:44:36,137.900000000,199
US2.AAPL,0,20170301,09:44:39,137.910000000,100
US2.AAPL,0,20170301,09:44:40,137.920000000,100
US2.AAPL,0,20170301,09:44:40,137.920000000,400
US2.AAPL,0,20170301,09:44:40,137.920000000,169
US2.AAPL,0,20170301,09:44:41,137.920000000,100
US2.AAPL,0,20170301,09:44:41,137.920000000,102
US2.AAPL,0,20170301,09:44:41,137.920000000,1098
US2.AAPL,0,20170301,09:44:41,137.920000000,1602
US2.AAPL,0,20170301,09:44:41,137.940000000,100
US2.AAPL,0,20170301,09:44:41,137.940000000,100
US2.AAPL,0,20170301,09:44:42,137.940000000,100
US2.AAPL,0,20170301,09:44:42,137.940000000,100
US2.AAPL,0,20170301,09:44:42,137.940000000,100
US2.AAPL,0,20170301,09:44:42,137.940000000,100
US2.AAPL,0,20170301,09:44:42,137.940000000,100
US2.AAPL,0,20170301,09:44:42,137.940000000,100
US2.AAPL,0,20170301,09:44:42,137.930000000,100
US2.AAPL,0,20170301,09:44:43,137.950000000,100
US2.AAPL,0,20170301,09:44:43,137.950000000,200
US2.AAPL,0,20170301,09:44:43,137.950000000,200
US2.AAPL,0,20170301,09:44:43,137.950000000,200
US2.AAPL,0,20170301,09:44:43,137.970000000,100
US2.AAPL,0,20170301,09:44:43,137.970000000,100
US2.AAPL,0,20170301,09:44:43,137.970000000,100
US2.AAPL,0,20170301,09:44:43,137.970000000,100
US2.AAPL,0,20170301,09:44:46,137.950000000,100
US2.AAPL,0,20170301,09:44:46,137.950000000,1000
US2.AAPL,0,20170301,09:44:46,137.940000000,200
US2.AAPL,0,20170301,09:44:50,137.920000000,200
US2.AAPL,0,20170301,09:44:50,137.920000000,100
US2.AAPL,0,20170301,09:44:50,137.920000000,100
US2.AAPL,0,20170301,09:44:50,137.920000000,300
US2.AAPL,0,20170301,09:44:51,137.910000000,100
US2.AAPL,0,20170301,09:44:51,137.910000000,100
US2.AAPL,0,20170301,09:44:53,137.940000000,100
US2.AAPL,0,20170301,09:44:53,137.940000000,100
US2.AAPL,0,20170301,09:44:55,137.940000000,100
US2.AAPL,0,20170301,09:44:55,137.940000000,100
US2.AAPL,0,20170301,09:44:57,137.940000000,100
US2.AAPL,0,20170301,09:44:57,137.940000000,100
US2.AAPL,0,20170301,09:44:59,137.940000000,300
US2.AAPL,0,20170301,09:44:59,137.940000000,100
US2.AAPL,0,20170301,09:45:00,137.940000000,100
US2.AAPL,0,20170301,09:45:00,137.940000000,100
US2.AAPL,0,20170301,09:45:00,137.940000000,109
US2.AAPL,0,20170301,09:45:00,137.940000000,191
US2.AAPL,0,20170301,09:45:01,137.940000000,100
US2.AAPL,0,20170301,09:45:01,137.950000000,100
US2.AAPL,0,20170301,09:45:06,137.940000000,100
US2.AAPL,0,20170301,09:45:06,137.940000000,100
US2.AAPL,0,20170301,09:45:08,137.935000000,100
US2.AAPL,0,20170301,09:45:09,137.940000000,100
US2.AAPL,0,20170301,09:45:12,137.940000000,100
US2.AAPL,0,20170301,09:45:16,137.925000000,300
US2.AAPL,0,20170301,09:45:20,137.925000000,100
US2.AAPL,0,20170301,09:45:23,137.925000000,100
US2.AAPL,0,20170301,09:45:23,137.925000000,100
US2.AAPL,0,20170301,09:45:23,137.925000000,100
US2.AAPL,0,20170301,09:45:23,137.925000000,100
US2.AAPL,0,20170301,09:45:23,137.930000000,100
US2.AAPL,0,20170301,09:45:24,137.930000000,200
US2.AAPL,0,20170301,09:45:24,137.930000000,200
US2.AAPL,0,20170301,09:45:24,137.920000000,100
US2.AAPL,0,20170301,09:45:31,137.930000000,100
US2.AAPL,0,20170301,09:45:34,137.930000000,100
US2.AAPL,0,20170301,09:45:34,137.930000000,100
US2.AAPL,0,20170301,09:45:34,137.930000000,100
US2.AAPL,0,20170301,09:45:34,137.930000000,100
US2.AAPL,0,20170301,09:45:34,137.930000000,100
US2.AAPL,0,20170301,09:45:34,137.930000000,100
US2.AAPL,0,20170301,09:45:38,137.930000000,100
US2.AAPL,0,20170301,09:45:40,137.935000000,100
US2.AAPL,0,20170301,09:45:42,137.930000000,200
US2.AAPL,0,20170301,09:45:43,137.940000000,100
US2.AAPL,0,20170301,09:45:43,137.940000000,100
US2.AAPL,0,20170301,09:45:43,137.940000000,100
US2.AAPL,0,20170301,09:45:43,137.940000000,100
US2.AAPL,0,20170301,09:45:44,137.940000000,100
US2.AAPL,0,20170301,09:45:51,137.940000000,100
US2.AAPL,0,20170301,09:45:51,137.940000000,145
US2.AAPL,0,20170301,09:45:51,137.940000000,398
US2.AAPL,0,20170301,09:45:51,137.935000000,100
US2.AAPL,0,20170301,09:45:51,137.940000000,200
US2.AAPL,0,20170301,09:45:51,137.940000000,300
US2.AAPL,0,20170301,09:45:51,137.940000000,100
US2.AAPL,0,20170301,09:45:51,137.940000000,200
US2.AAPL,0,20170301,09:45:51,137.940000000,100
US2.AAPL,0,20170301,09:45:52,137.940000000,100
US2.AAPL,0,20170301,09:45:53,137.930000000,100
US2.AAPL,0,20170301,09:45:55,137.950000000,100
US2.AAPL,0,20170301,09:45:55,137.950000000,100
US2.AAPL,0,20170301,09:45:57,137.950000000,100
US2.AAPL,0,20170301,09:45:59,137.950000000,100
US2.AAPL,0,20170301,09:45:59,137.950000000,100
US2.AAPL,0,20170301,09:45:59,137.960000000,100
US2.AAPL,0,20170301,09:45:59,137.950000000,200
US2.AAPL,0,20170301,09:45:59,137.950000000,100
US2.AAPL,0,20170301,09:45:59,137.950000000,100
US2.AAPL,0,20170301,09:45:59,137.950000000,100
US2.AAPL,0,20170301,09:45:59,137.955000000,100
US2.AAPL,0,20170301,09:46:01,137.970000000,100
US2.AAPL,0,20170301,09:46:01,137.970000000,100
US2.AAPL,0,20170301,09:46:01,137.970000000,100
US2.AAPL,0,20170301,09:46:01,137.970000000,100
US2.AAPL,0,20170301,09:46:01,137.970000000,100
US2.AAPL,0,20170301,09:46:01,137.980000000,100
US2.AAPL,0,20170301,09:46:01,137.990000000,200
US2.AAPL,0,20170301,09:46:01,137.990000000,100
US2.AAPL,0,20170301,09:46:01,137.990000000,100
US2.AAPL,0,20170301,09:46:01,137.990000000,100
US2.AAPL,0,20170301,09:46:01,137.985000000,100
US2.AAPL,0,20170301,09:46:01,137.980000000,200
US2.AAPL,0,20170301,09:46:01,137.980000000,100
US2.AAPL,0,20170301,09:46:01,137.980000000,100
US2.AAPL,0,20170301,09:46:01,137.980000000,100
US2.AAPL,0,20170301,09:46:01,137.990000000,100
US2.AAPL,0,20170301,09:46:01,137.990000000,100
US2.AAPL,0,20170301,09:46:01,137.990000000,100
US2.AAPL,0,20170301,09:46:01,137.990000000,100
US2.AAPL,0,20170301,09:46:01,137.990000000,200
US2.AAPL,0,20170301,09:46:01,137.990000000,100
US2.AAPL,0,20170301,09:46:01,137.990000000,100
US2.AAPL,0,20170301,09:46:01,137.990000000,100
US2.AAPL,0,20170301,09:46:01,137.990000000,100
US2.AAPL,0,20170301,09:46:01,137.990000000,100
US2.AAPL,0,20170301,09:46:02,137.990000000,105
US2.AAPL,0,20170301,09:46:02,138.000000000,286
US2.AAPL,0,20170301,09:46:02,138.000000000,114
US2.AAPL,0,20170301,09:46:04,137.990000000,100
US2.AAPL,0,20170301,09:46:05,137.980000000,100
US2.AAPL,0,20170301,09:46:10,137.970000000,100
US2.AAPL,0,20170301,09:46:14,137.960000000,200
US2.AAPL,0,20170301,09:46:14,137.960000000,100
US2.AAPL,0,20170301,09:46:14,137.960000000,100
US2.AAPL,0,20170301,09:46:14,137.960000000,100
US2.AAPL,0,20170301,09:46:21,137.950000000,100
US2.AAPL,0,20170301,09:46:21,137.950000000,100
US2.AAPL,0,20170301,09:46:21,137.950000000,100
US2.AAPL,0,20170301,09:46:25,137.950000000,200
US2.AAPL,0,20170301,09:46:25,137.950000000,100
US2.AAPL,0,20170301,09:46:26,137.940000000,100
US2.AAPL,0,20170301,09:46:26,137.940000000,300
US2.AAPL,0,20170301,09:46:26,137.940000000,100
US2.AAPL,0,20170301,09:46:26,137.940000000,186
US2.AAPL,0,20170301,09:46:26,137.940000000,100
US2.AAPL,0,20170301,09:46:31,137.930000000,100
US2.AAPL,0,20170301,09:46:39,137.925000000,100
US2.AAPL,0,20170301,09:46:39,137.930000000,100
US2.AAPL,0,20170301,09:46:39,137.930000000,100
US2.AAPL,0,20170301,09:46:39,137.930000000,100
US2.AAPL,0,20170301,09:46:39,137.930000000,100
US2.AAPL,0,20170301,09:46:39,137.930000000,100
US2.AAPL,0,20170301,09:46:39,137.930000000,100
US2.AAPL,0,20170301,09:46:44,137.910000000,100
US2.AAPL,0,20170301,09:46:44,137.900000000,100
US2.AAPL,0,20170301,09:46:44,137.900000000,100
US2.AAPL,0,20170301,09:46:44,137.900000000,100
US2.AAPL,0,20170301,09:46:44,137.900000000,200
US2.AAPL,0,20170301,09:46:44,137.900000000,100
US2.AAPL,0,20170301,09:46:44,137.890000000,100
US2.AAPL,0,20170301,09:46:44,137.890000000,100
US2.AAPL,0,20170301,09:46:44,137.890000000,100
US2.AAPL,0,20170301,09:46:47,137.900000000,100
US2.AAPL,0,20170301,09:46:47,137.900000000,100
US2.AAPL,0,20170301,09:46:47,137.890000000,100
US2.AAPL,0,20170301,09:46:48,137.880000000,100
US2.AAPL,0,20170301,09:46:49,137.870000000,100
US2.AAPL,0,20170301,09:46:49,137.870000000,100
US2.AAPL,0,20170301,09:46:49,137.870000000,5400
US2.AAPL,0,20170301,09:46:50,137.860000000,100
US2.AAPL,0,20170301,09:46:53,137.860000000,100
US2.AAPL,0,20170301,09:46:53,137.860000000,100
US2.AAPL,0,20170301,09:46:54,137.880000000,100
US2.AAPL,0,20170301,09:47:00,137.890000000,100
US2.AAPL,0,20170301,09:47:00,137.890000000,100
US2.AAPL,0,20170301,09:47:00,137.890000000,100
US2.AAPL,0,20170301,09:47:03,137.910000000,100
US2.AAPL,0,20170301,09:47:04,137.910000000,100
US2.AAPL,0,20170301,09:47:04,137.910000000,100
US2.AAPL,0,20170301,09:47:04,137.915000000,300
US2.AAPL,0,20170301,09:47:04,137.915000000,100
US2.AAPL,0,20170301,09:47:06,137.915000000,300
US2.AAPL,0,20170301,09:47:06,137.930000000,100
US2.AAPL,0,20170301,09:47:06,137.930000000,100
US2.AAPL,0,20170301,09:47:06,137.940000000,100
US2.AAPL,0,20170301,09:47:06,137.940000000,100
US2.AAPL,0,20170301,09:47:06,137.940000000,100
US2.AAPL,0,20170301,09:47:06,137.940000000,100
US2.AAPL,0,20170301,09:47:07,137.950000000,100
US2.AAPL,0,20170301,09:47:10,137.950000000,100
US2.AAPL,0,20170301,09:47:12,137.980000000,100
US2.AAPL,0,20170301,09:47:12,137.980000000,120
US2.AAPL,0,20170301,09:47:14,137.990000000,100
US2.AAPL,0,20170301,09:47:14,137.990000000,100
US2.AAPL,0,20170301,09:47:15,137.980000000,100
US2.AAPL,0,20170301,09:47:16,137.970000000,200
US2.AAPL,0,20170301,09:47:20,137.965000000,100
US2.AAPL,0,20170301,09:47:27,137.970000000,100
US2.AAPL,0,20170301,09:47:27,137.970000000,100
US2.AAPL,0,20170301,09:47:27,137.970000000,100
US2.AAPL,0,20170301,09:47:27,137.970000000,100
US2.AAPL,0,20170301,09:47:27,137.970000000,100
US2.AAPL,0,20170301,09:47:33,137.910000000,100
US2.AAPL,0,20170301,09:47:34,137.930000000,100
US2.AAPL,0,20170301,09:47:34,137.940000000,100
US2.AAPL,0,20170301,09:47:34,137.950000000,100
US2.AAPL,0,20170301,09:47:34,137.950000000,100
US2.AAPL,0,20170301,09:47:34,137.960000000,100
US2.AAPL,0,20170301,09:47:34,137.960000000,100
US2.AAPL,0,20170301,09:47:34,137.950000000,100
US2.AAPL,0,20170301,09:47:34,137.970000000,100
US2.AAPL,0,20170301,09:47:39,137.970000000,100
US2.AAPL,0,20170301,09:47:41,137.980000000,100
US2.AAPL,0,20170301,09:47:41,137.980000000,100
US2.AAPL,0,20170301,09:47:44,137.980000000,100
US2.AAPL,0,20170301,09:47:44,137.980000000,100
US2.AAPL,0,20170301,09:47:44,137.980000000,100
US2.AAPL,0,20170301,09:47:44,137.980000000,200
US2.AAPL,0,20170301,09:47:44,137.980000000,100
US2.AAPL,0,20170301,09:47:44,137.980000000,100
US2.AAPL,0,20170301,09:47:51,137.990000000,100
US2.AAPL,0,20170301,09:47:53,138.000000000,100
US2.AAPL,0,20170301,09:47:53,138.000000000,100
US2.AAPL,0,20170301,09:47:53,138.000000000,100
US2.AAPL,0,20170301,09:47:54,138.000000000,100
US2.AAPL,0,20170301,09:47:54,138.010000000,100
US2.AAPL,0,20170301,09:47:54,138.010000000,100
US2.AAPL,0,20170301,09:47:54,138.020000000,100
US2.AAPL,0,20170301,09:47:54,138.020000000,100
US2.AAPL,0,20170301,09:47:54,138.020000000,100
US2.AAPL,0,20170301,09:47:54,138.030000000,300
US2.AAPL,0,20170301,09:47:54,138.030000000,100
US2.AAPL,0,20170301,09:47:54,138.030000000,100
US2.AAPL,0,20170301,09:47:54,138.030000000,100
US2.AAPL,0,20170301,09:47:54,138.040000000,1100
US2.AAPL,0,20170301,09:47:54,138.030000000,118
US2.AAPL,0,20170301,09:47:54,138.030000000,100
US2.AAPL,0,20170301,09:47:54,138.040000000,900
US2.AAPL,0,20170301,09:47:54,138.040000000,1300
US2.AAPL,0,20170301,09:47:54,138.040000000,100
US2.AAPL,0,20170301,09:47:54,138.040000000,100
US2.AAPL,0,20170301,09:47:54,138.030000000,175
US2.AAPL,0,20170301,09:47:54,138.025000000,100
US2.AAPL,0,20170301,09:47:54,138.030000000,100
US2.AAPL,0,20170301,09:47:54,138.030000000,100
US2.AAPL,0,20170301,09:47:54,138.040000000,100
US2.AAPL,0,20170301,09:47:54,138.050000000,100
US2.AAPL,0,20170301,09:47:54,138.060000000,150
US2.AAPL,0,20170301,09:47:54,138.040000000,100
US2.AAPL,0,20170301,09:47:54,138.040000000,100
US2.AAPL,0,20170301,09:47:54,138.050000000,400
US2.AAPL,0,20170301,09:47:54,138.060000000,250
US2.AAPL,0,20170301,09:47:54,138.060000000,100
US2.AAPL,0,20170301,09:47:54,138.060000000,100
US2.AAPL,0,20170301,09:47:55,138.050000000,100
US2.AAPL,0,20170301,09:47:55,138.040000000,100
US2.AAPL,0,20170301,09:47:58,138.040000000,100
US2.AAPL,0,20170301,09:47:58,138.040000000,200
US2.AAPL,0,20170301,09:47:58,138.040000000,100
US2.AAPL,0,20170301,09:48:01,138.045000000,500
US2.AAPL,0,20170301,09:48:01,138.045000000,300
US2.AAPL,0,20170301,09:48:01,138.050000000,100
US2.AAPL,0,20170301,09:48:01,138.050000000,100
US2.AAPL,0,20170301,09:48:01,138.040000000,100
US2.AAPL,0,20170301,09:48:01,138.030000000,100
US2.AAPL,0,20170301,09:48:01,138.030000000,200
US2.AAPL,0,20170301,09:48:01,138.030000000,100
US2.AAPL,0,20170301,09:48:01,138.030000000,100
US2.AAPL,0,20170301,09:48:01,138.030000000,100
US2.AAPL,0,20170301,09:48:01,138.020000000,185
US2.AAPL,0,20170301,09:48:01,138.020000000,100
US2.AAPL,0,20170301,09:48:01,138.020000000,100
US2.AAPL,0,20170301,09:48:02,138.020000000,200
US2.AAPL,0,20170301,09:48:02,138.030000000,200
US2.AAPL,0,20170301,09:48:02,138.030000000,100
US2.AAPL,0,20170301,09:48:02,138.040000000,100
US2.AAPL,0,20170301,09:48:02,138.050000000,320
US2.AAPL,0,20170301,09:48:05,138.060000000,100
US2.AAPL,0,20170301,09:48:05,138.080000000,100
US2.AAPL,0,20170301,09:48:05,138.080000000,100
US2.AAPL,0,20170301,09:48:07,138.070000000,100
US2.AAPL,0,20170301,09:48:11,138.060000000,100
US2.AAPL,0,20170301,09:48:14,138.060000000,100
US2.AAPL,0,20170301,09:48:16,138.070000000,100
US2.AAPL,0,20170301,09:48:16,138.070000000,100
US2.AAPL,0,20170301,09:48:16,138.070000000,100
US2.AAPL,0,20170301,09:48:16,138.070000000,100
US2.AAPL,0,20170301,09:48:17,138.080000000,100
US2.AAPL,0,20170301,09:48:17,138.080000000,100
US2.AAPL,0,20170301,09:48:17,138.090000000,200
US2.AAPL,0,20170301,09:48:17,138.090000000,300
US2.AAPL,0,20170301,09:48:17,138.090000000,100
US2.AAPL,0,20170301,09:48:17,138.090000000,100
US2.AAPL,0,20170301,09:48:17,138.100000000,200
US2.AAPL,0,20170301,09:48:17,138.100000000,100
US2.AAPL,0,20170301,09:48:17,138.100000000,100
US2.AAPL,0,20170301,09:48:17,138.100000000,100
US2.AAPL,0,20170301,09:48:17,138.105000000,100
US2.AAPL,0,20170301,09:48:18,138.110000000,100
US2.AAPL,0,20170301,09:48:20,138.110000000,100
US2.AAPL,0,20170301,09:48:20,138.110000000,227
US2.AAPL,0,20170301,09:48:22,138.110000000,100
US2.AAPL,0,20170301,09:48:22,138.110000000,100
US2.AAPL,0,20170301,09:48:23,138.120000000,100
US2.AAPL,0,20170301,09:48:23,138.120000000,251
US2.AAPL,0,20170301,09:48:23,138.130000000,100
US2.AAPL,0,20170301,09:48:23,138.130000000,100
US2.AAPL,0,20170301,09:48:23,138.130000000,100
US2.AAPL,0,20170301,09:48:23,138.130000000,100
US2.AAPL,0,20170301,09:48:23,138.120000000,225
US2.AAPL,0,20170301,09:48:26,138.120000000,100
US2.AAPL,0,20170301,09:48:26,138.120000000,100
US2.AAPL,0,20170301,09:48:26,138.130000000,100
US2.AAPL,0,20170301,09:48:26,138.130000000,100
US2.AAPL,0,20170301,09:48:30,138.120000000,100
US2.AAPL,0,20170301,09:48:30,138.120000000,100
US2.AAPL,0,20170301,09:48:30,138.140000000,300
US2.AAPL,0,20170301,09:48:30,138.140000000,1600
US2.AAPL,0,20170301,09:48:30,138.140000000,100
US2.AAPL,0,20170301,09:48:30,138.140000000,100
US2.AAPL,0,20170301,09:48:33,138.150000000,200
US2.AAPL,0,20170301,09:48:33,138.150000000,100
US2.AAPL,0,20170301,09:48:36,138.160000000,100
US2.AAPL,0,20170301,09:48:37,138.160000000,100
US2.AAPL,0,20170301,09:48:38,138.170000000,100
US2.AAPL,0,20170301,09:48:38,138.170000000,100
US2.AAPL,0,20170301,09:48:38,138.170000000,200
US2.AAPL,0,20170301,09:48:38,138.170000000,100
US2.AAPL,0,20170301,09:48:39,138.160000000,100
US2.AAPL,0,20170301,09:48:39,138.160000000,100
US2.AAPL,0,20170301,09:48:41,138.180000000,100
US2.AAPL,0,20170301,09:48:41,138.180000000,100
US2.AAPL,0,20170301,09:48:41,138.180000000,100
US2.AAPL,0,20170301,09:48:42,138.180000000,100
US2.AAPL,0,20170301,09:48:42,138.180000000,100
US2.AAPL,0,20170301,09:48:47,138.180000000,200
US2.AAPL,0,20170301,09:48:48,138.170000000,100
US2.AAPL,0,20170301,09:48:50,138.170000000,100
US2.AAPL,0,20170301,09:48:53,138.180000000,100
US2.AAPL,0,20170301,09:48:58,138.190000000,300
US2.AAPL,0,20170301,09:48:58,138.190000000,100
US2.AAPL,0,20170301,09:48:58,138.190000000,100
US2.AAPL,0,20170301,09:48:58,138.190000000,100
US2.AAPL,0,20170301,09:48:58,138.190000000,200
US2.AAPL,0,20170301,09:48:58,138.200000000,160
US2.AAPL,0,20170301,09:48:58,138.200000000,100
US2.AAPL,0,20170301,09:48:58,138.200000000,100
US2.AAPL,0,20170301,09:48:58,138.200000000,100
US2.AAPL,0,20170301,09:48:58,138.200000000,110
US2.AAPL,0,20170301,09:48:59,138.210000000,100
US2.AAPL,0,20170301,09:48:59,138.220000000,100
US2.AAPL,0,20170301,09:49:00,138.215000000,100
US2.AAPL,0,20170301,09:49:04,138.230000000,460
US2.AAPL,0,20170301,09:49:05,138.240000000,100
US2.AAPL,0,20170301,09:49:06,138.230000000,100
US2.AAPL,0,20170301,09:49:06,138.230000000,100
US2.AAPL,0,20170301,09:49:13,138.230000000,200
US2.AAPL,0,20170301,09:49:13,138.240000000,100
US2.AAPL,0,20170301,09:49:13,138.240000000,100
US2.AAPL,0,20170301,09:49:17,138.220000000,100
US2.AAPL,0,20170301,09:49:17,138.220000000,100
US2.AAPL,0,20170301,09:49:17,138.220000000,100
US2.AAPL,0,20170301,09:49:17,138.220000000,242
US2.AAPL,0,20170301,09:49:17,138.220000000,158
US2.AAPL,0,20170301,09:49:17,138.220000000,400
US2.AAPL,0,20170301,09:49:19,138.240000000,295
US2.AAPL,0,20170301,09:49:20,138.240000000,205
US2.AAPL,0,20170301,09:49:20,138.235000000,100
US2.AAPL,0,20170301,09:49:20,138.230000000,100
US2.AAPL,0,20170301,09:49:23,138.240000000,100
US2.AAPL,0,20170301,09:49:28,138.250000000,100
US2.AAPL,0,20170301,09:49:32,138.240000000,113
US2.AAPL,0,20170301,09:49:32,138.240000000,187
US2.AAPL,0,20170301,09:49:39,138.240000000,100
US2.AAPL,0,20170301,09:49:41,138.240000000,100
US2.AAPL,0,20170301,09:49:43,138.230000000,100
US2.AAPL,0,20170301,09:49:43,138.230000000,100
US2.AAPL,0,20170301,09:49:45,138.230000000,100
US2.AAPL,0,20170301,09:49:46,138.240000000,100
US2.AAPL,0,20170301,09:49:48,138.235000000,100
US2.AAPL,0,20170301,09:49:48,138.230000000,215
US2.AAPL,0,20170301,09:49:48,138.230000000,100
US2.AAPL,0,20170301,09:49:54,138.220000000,100
US2.AAPL,0,20170301,09:49:54,138.220000000,100
US2.AAPL,0,20170301,09:49:54,138.210000000,100
US2.AAPL,0,20170301,09:49:54,138.210000000,100
US2.AAPL,0,20170301,09:49:55,138.200000000,100
US2.AAPL,0,20170301,09:49:55,138.200000000,100
US2.AAPL,0,20170301,09:49:55,138.200000000,100
US2.AAPL,0,20170301,09:49:55,138.200000000,100
US2.AAPL,0,20170301,09:49:55,138.195000000,100
US2.AAPL,0,20170301,09:50:00,138.195000000,246
US2.AAPL,0,20170301,09:50:00,138.190000000,100
US2.AAPL,0,20170301,09:50:04,138.185000000,101
US2.AAPL,0,20170301,09:50:07,138.200000000,100
US2.AAPL,0,20170301,09:50:07,138.200000000,100
US2.AAPL,0,20170301,09:50:07,138.200000000,100
US2.AAPL,0,20170301,09:50:09,138.210000000,100
US2.AAPL,0,20170301,09:50:09,138.210000000,200
US2.AAPL,0,20170301,09:50:09,138.210000000,178
US2.AAPL,0,20170301,09:50:09,138.210000000,100
US2.AAPL,0,20170301,09:50:09,138.210000000,100
US2.AAPL,0,20170301,09:50:09,138.210000000,100
US2.AAPL,0,20170301,09:50:09,138.200000000,100
US2.AAPL,0,20170301,09:50:09,138.200000000,100
US2.AAPL,0,20170301,09:50:09,138.200000000,100
US2.AAPL,0,20170301,09:50:09,138.190000000,100
US2.AAPL,0,20170301,09:50:09,138.190000000,100
US2.AAPL,0,20170301,09:50:09,138.190000000,100
US2.AAPL,0,20170301,09:50:10,138.190000000,292
US2.AAPL,0,20170301,09:50:10,138.200000000,100
US2.AAPL,0,20170301,09:50:10,138.200000000,100
US2.AAPL,0,20170301,09:50:11,138.210000000,100
US2.AAPL,0,20170301,09:50:11,138.210000000,100
US2.AAPL,0,20170301,09:50:11,138.210000000,100
US2.AAPL,0,20170301,09:50:11,138.220000000,300
US2.AAPL,0,20170301,09:50:11,138.220000000,100
US2.AAPL,0,20170301,09:50:11,138.230000000,100
US2.AAPL,0,20170301,09:50:11,138.230000000,306
US2.AAPL,0,20170301,09:50:11,138.220000000,100
US2.AAPL,0,20170301,09:50:11,138.240000000,100
US2.AAPL,0,20170301,09:50:11,138.240000000,100
US2.AAPL,0,20170301,09:50:11,138.230000000,100
US2.AAPL,0,20170301,09:50:11,138.230000000,100
US2.AAPL,0,20170301,09:50:11,138.220000000,100
US2.AAPL,0,20170301,09:50:11,138.220000000,200
US2.AAPL,0,20170301,09:50:15,138.220000000,100
US2.AAPL,0,20170301,09:50:15,138.230000000,100
US2.AAPL,0,20170301,09:50:16,138.220000000,100
US2.AAPL,0,20170301,09:50:16,138.220000000,100
US2.AAPL,0,20170301,09:50:16,138.220000000,100
US2.AAPL,0,20170301,09:50:18,138.230000000,100
US2.AAPL,0,20170301,09:50:20,138.230000000,111
US2.AAPL,0,20170301,09:50:20,138.230000000,133
US2.AAPL,0,20170301,09:50:20,138.240000000,100
US2.AAPL,0,20170301,09:50:22,138.235000000,189
US2.AAPL,0,20170301,09:50:28,138.240000000,204
US2.AAPL,0,20170301,09:50:28,138.240000000,100
US2.AAPL,0,20170301,09:50:31,138.250000000,900
US2.AAPL,0,20170301,09:50:31,138.250000000,200
US2.AAPL,0,20170301,09:50:31,138.250000000,4279
US2.AAPL,0,20170301,09:50:31,138.250000000,240
US2.AAPL,0,20170301,09:50:31,138.250000000,569
US2.AAPL,0,20170301,09:50:31,138.250000000,669
US2.AAPL,0,20170301,09:50:31,138.250000000,3558
US2.AAPL,0,20170301,09:50:31,138.250000000,1985
US2.AAPL,0,20170301,09:50:31,138.250000000,200
US2.AAPL,0,20170301,09:50:32,138.270000000,100
US2.AAPL,0,20170301,09:50:32,138.270000000,300
US2.AAPL,0,20170301,09:50:32,138.280000000,100
US2.AAPL,0,20170301,09:50:32,138.280000000,100
US2.AAPL,0,20170301,09:50:33,138.280000000,403
US2.AAPL,0,20170301,09:50:33,138.290000000,800
US2.AAPL,0,20170301,09:50:33,138.290000000,200
US2.AAPL,0,20170301,09:50:33,138.290000000,200
US2.AAPL,0,20170301,09:50:33,138.290000000,300
US2.AAPL,0,20170301,09:50:33,138.290000000,100
US2.AAPL,0,20170301,09:50:33,138.290000000,500
US2.AAPL,0,20170301,09:50:33,138.290000000,100
US2.AAPL,0,20170301,09:50:34,138.300000000,100
US2.AAPL,0,20170301,09:50:37,138.280000000,200
US2.AAPL,0,20170301,09:50:37,138.280000000,100
US2.AAPL,0,20170301,09:50:38,138.270000000,100
US2.AAPL,0,20170301,09:50:39,138.270000000,100
US2.AAPL,0,20170301,09:50:45,138.270000000,100
US2.AAPL,0,20170301,09:50:45,138.270000000,100
US2.AAPL,0,20170301,09:50:45,138.270000000,200
US2.AAPL,0,20170301,09:50:51,138.270000000,100
US2.AAPL,0,20170301,09:50:51,138.270000000,100
US2.AAPL,0,20170301,09:50:51,138.260000000,100
US2.AAPL,0,20170301,09:50:51,138.260000000,100
US2.AAPL,0,20170301,09:50:51,138.260000000,100
US2.AAPL,0,20170301,09:50:51,138.260000000,200
US2.AAPL,0,20170301,09:50:51,138.260000000,100
US2.AAPL,0,20170301,09:50:51,138.250000000,100
US2.AAPL,0,20170301,09:50:51,138.250000000,2000
US2.AAPL,0,20170301,09:50:51,138.250000000,100
US2.AAPL,0,20170301,09:50:51,138.240000000,100
US2.AAPL,0,20170301,09:50:51,138.240000000,100
US2.AAPL,0,20170301,09:50:53,138.260000000,100
US2.AAPL,0,20170301,09:50:54,138.250000000,100
US2.AAPL,0,20170301,09:50:54,138.250000000,100
US2.AAPL,0,20170301,09:50:59,138.260000000,100
US2.AAPL,0,20170301,09:51:00,138.240000000,100
US2.AAPL,0,20170301,09:51:00,138.240000000,100
US2.AAPL,0,20170301,09:51:00,138.220000000,100
US2.AAPL,0,20170301,09:51:00,138.220000000,100
US2.AAPL,0,20170301,09:51:00,138.220000000,100
US2.AAPL,0,20170301,09:51:03,138.210000000,100
US2.AAPL,0,20170301,09:51:04,138.200000000,100
US2.AAPL,0,20170301,09:51:05,138.190000000,100
US2.AAPL,0,20170301,09:51:05,138.190000000,100
US2.AAPL,0,20170301,09:51:06,138.180000000,100
US2.AAPL,0,20170301,09:51:06,138.160000000,100
US2.AAPL,0,20170301,09:51:11,138.160000000,100
US2.AAPL,0,20170301,09:51:11,138.170000000,100
US2.AAPL,0,20170301,09:51:12,138.175000000,100
US2.AAPL,0,20170301,09:51:12,138.180000000,100
US2.AAPL,0,20170301,09:51:13,138.180000000,100
US2.AAPL,0,20170301,09:51:15,138.190000000,100
US2.AAPL,0,20170301,09:51:15,138.200000000,100
US2.AAPL,0,20170301,09:51:15,138.200000000,100
US2.AAPL,0,20170301,09:51:15,138.200000000,100
US2.AAPL,0,20170301,09:51:15,138.200000000,100
US2.AAPL,0,20170301,09:51:17,138.190000000,100
US2.AAPL,0,20170301,09:51:17,138.200000000,100
US2.AAPL,0,20170301,09:51:17,138.200000000,100
US2.AAPL,0,20170301,09:51:17,138.200000000,100
US2.AAPL,0,20170301,09:51:18,138.210000000,100
US2.AAPL,0,20170301,09:51:18,138.210000000,100
US2.AAPL,0,20170301,09:51:19,138.200000000,100
US2.AAPL,0,20170301,09:51:19,138.200000000,100
US2.AAPL,0,20170301,09:51:20,138.180000000,100
US2.AAPL,0,20170301,09:51:22,138.160000000,100
US2.AAPL,0,20170301,09:51:22,138.160000000,100
US2.AAPL,0,20170301,09:51:24,138.150000000,100
US2.AAPL,0,20170301,09:51:25,138.160000000,100
US2.AAPL,0,20170301,09:51:26,138.160000000,100
US2.AAPL,0,20170301,09:51:26,138.160000000,117
US2.AAPL,0,20170301,09:51:26,138.140000000,100
US2.AAPL,0,20170301,09:51:28,138.120000000,100
US2.AAPL,0,20170301,09:51:28,138.130000000,100
US2.AAPL,0,20170301,09:51:28,138.140000000,100
US2.AAPL,0,20170301,09:51:29,138.150000000,100
US2.AAPL,0,20170301,09:51:31,138.150000000,100
US2.AAPL,0,20170301,09:51:32,138.150000000,100
US2.AAPL,0,20170301,09:51:32,138.150000000,100
US2.AAPL,0,20170301,09:51:32,138.150000000,100
US2.AAPL,0,20170301,09:51:35,138.160000000,100
US2.AAPL,0,20170301,09:51:35,138.160000000,100
US2.AAPL,0,20170301,09:51:35,138.170000000,100
US2.AAPL,0,20170301,09:51:35,138.170000000,100
US2.AAPL,0,20170301,09:51:35,138.170000000,100
US2.AAPL,0,20170301,09:51:35,138.170000000,100
US2.AAPL,0,20170301,09:51:40,138.180000000,100
US2.AAPL,0,20170301,09:51:40,138.180000000,100
US2.AAPL,0,20170301,09:51:42,138.180000000,100
US2.AAPL,0,20170301,09:51:43,138.180000000,100
US2.AAPL,0,20170301,09:51:43,138.180000000,100
US2.AAPL,0,20170301,09:51:47,138.170000000,100
US2.AAPL,0,20170301,09:51:47,138.160000000,100
US2.AAPL,0,20170301,09:51:51,138.130000000,100
US2.AAPL,0,20170301,09:51:51,138.140000000,100
US2.AAPL,0,20170301,09:51:52,138.140000000,100
US2.AAPL,0,20170301,09:51:52,138.150000000,100
US2.AAPL,0,20170301,09:51:52,138.160000000,100
US2.AAPL,0,20170301,09:51:52,138.160000000,100
US2.AAPL,0,20170301,09:51:52,138.160000000,100
US2.AAPL,0,20170301,09:51:52,138.150000000,100
US2.AAPL,0,20170301,09:51:53,138.140000000,100
US2.AAPL,0,20170301,09:51:53,138.140000000,100
US2.AAPL,0,20170301,09:51:54,138.130000000,100
US2.AAPL,0,20170301,09:51:57,138.130000000,100
US2.AAPL,0,20170301,09:51:57,138.140000000,100
US2.AAPL,0,20170301,09:51:57,138.140000000,100
US2.AAPL,0,20170301,09:51:57,138.140000000,100
US2.AAPL,0,20170301,09:52:00,138.140000000,100
US2.AAPL,0,20170301,09:52:00,138.140000000,100
US2.AAPL,0,20170301,09:52:00,138.140000000,100
US2.AAPL,0,20170301,09:52:02,138.130000000,100
US2.AAPL,0,20170301,09:52:02,138.120000000,100
US2.AAPL,0,20170301,09:52:03,138.110000000,100
US2.AAPL,0,20170301,09:52:03,138.100000000,100
US2.AAPL,0,20170301,09:52:03,138.090000000,100
US2.AAPL,0,20170301,09:52:03,138.090000000,100
US2.AAPL,0,20170301,09:52:03,138.090000000,100
US2.AAPL,0,20170301,09:52:03,138.090000000,100
US2.AAPL,0,20170301,09:52:03,138.090000000,100
US2.AAPL,0,20170301,09:52:03,138.080000000,100
US2.AAPL,0,20170301,09:52:07,138.070000000,100
US2.AAPL,0,20170301,09:52:07,138.070000000,100
US2.AAPL,0,20170301,09:52:08,138.060000000,100
US2.AAPL,0,20170301,09:52:12,138.070000000,100
US2.AAPL,0,20170301,09:52:12,138.070000000,100
US2.AAPL,0,20170301,09:52:12,138.080000000,100
US2.AAPL,0,20170301,09:52:12,138.080000000,100
US2.AAPL,0,20170301,09:52:15,138.080000000,100
US2.AAPL,0,20170301,09:52:15,138.080000000,200
US2.AAPL,0,20170301,09:52:17,138.090000000,100
US2.AAPL,0,20170301,09:52:17,138.090000000,100
US2.AAPL,0,20170301,09:52:18,138.090000000,100
US2.AAPL,0,20170301,09:52:18,138.080000000,100
US2.AAPL,0,20170301,09:52:18,138.080000000,100
US2.AAPL,0,20170301,09:52:18,138.080000000,100
US2.AAPL,0,20170301,09:52:19,138.080000000,100
US2.AAPL,0,20170301,09:52:20,138.080000000,100
US2.AAPL,0,20170301,09:52:20,138.060000000,100
US2.AAPL,0,20170301,09:52:20,138.060000000,100
US2.AAPL,0,20170301,09:52:20,138.060000000,269
US2.AAPL,0,20170301,09:52:26,138.100000000,100
US2.AAPL,0,20170301,09:52:26,138.100000000,100
US2.AAPL,0,20170301,09:52:26,138.100000000,100
US2.AAPL,0,20170301,09:52:27,138.100000000,100
US2.AAPL,0,20170301,09:52:27,138.100000000,100
US2.AAPL,0,20170301,09:52:28,138.110000000,100
US2.AAPL,0,20170301,09:52:28,138.110000000,100
US2.AAPL,0,20170301,09:52:28,138.110000000,100
US2.AAPL,0,20170301,09:52:28,138.105000000,100
US2.AAPL,0,20170301,09:52:28,138.100000000,100
US2.AAPL,0,20170301,09:52:28,138.100000000,116
US2.AAPL,0,20170301,09:52:28,138.100000000,100
US2.AAPL,0,20170301,09:52:31,138.100000000,100
US2.AAPL,0,20170301,09:52:33,138.100000000,100
US2.AAPL,0,20170301,09:52:36,138.090000000,100
US2.AAPL,0,20170301,09:52:38,138.080000000,100
US2.AAPL,0,20170301,09:52:38,138.080000000,200
US2.AAPL,0,20170301,09:52:38,138.080000000,100
US2.AAPL,0,20170301,09:52:42,138.090000000,100
US2.AAPL,0,20170301,09:52:42,138.090000000,100
US2.AAPL,0,20170301,09:52:47,138.110000000,100
US2.AAPL,0,20170301,09:52:47,138.110000000,100
US2.AAPL,0,20170301,09:52:47,138.110000000,100
US2.AAPL,0,20170301,09:52:51,138.110000000,313
US2.AAPL,0,20170301,09:52:51,138.110000000,200
US2.AAPL,0,20170301,09:52:51,138.110000000,200
US2.AAPL,0,20170301,09:52:51,138.120000000,100
US2.AAPL,0,20170301,09:52:51,138.130000000,100
US2.AAPL,0,20170301,09:52:53,138.120000000,100
US2.AAPL,0,20170301,09:52:53,138.120000000,100
US2.AAPL,0,20170301,09:52:54,138.100000000,100
US2.AAPL,0,20170301,09:52:55,138.090000000,100
US2.AAPL,0,20170301,09:53:01,138.050000000,100
US2.AAPL,0,20170301,09:53:01,138.050000000,351
US2.AAPL,0,20170301,09:53:01,138.040000000,100
US2.AAPL,0,20170301,09:53:01,138.030000000,100
US2.AAPL,0,20170301,09:53:04,138.035000000,100
US2.AAPL,0,20170301,09:53:06,138.040000000,192
US2.AAPL,0,20170301,09:53:08,138.050000000,100
US2.AAPL,0,20170301,09:53:10,138.070000000,100
US2.AAPL,0,20170301,09:53:12,138.080000000,100
US2.AAPL,0,20170301,09:53:12,138.080000000,100
US2.AAPL,0,20170301,09:53:12,138.080000000,200
US2.AAPL,0,20170301,09:53:16,138.080000000,115
US2.AAPL,0,20170301,09:53:17,138.080000000,100
US2.AAPL,0,20170301,09:53:17,138.090000000,100
US2.AAPL,0,20170301,09:53:17,138.090000000,169
US2.AAPL,0,20170301,09:53:17,138.090000000,100
US2.AAPL,0,20170301,09:53:18,138.100000000,100
US2.AAPL,0,20170301,09:53:18,138.100000000,2339
US2.AAPL,0,20170301,09:53:18,138.100000000,306
US2.AAPL,0,20170301,09:53:18,138.100000000,314
US2.AAPL,0,20170301,09:53:18,138.100000000,100
US2.AAPL,0,20170301,09:53:18,138.100000000,900
US2.AAPL,0,20170301,09:53:18,138.090000000,100
US2.AAPL,0,20170301,09:53:18,138.090000000,100
US2.AAPL,0,20170301,09:53:18,138.090000000,100
US2.AAPL,0,20170301,09:53:18,138.080000000,200
US2.AAPL,0,20170301,09:53:18,138.080000000,100
US2.AAPL,0,20170301,09:53:18,138.080000000,100
US2.AAPL,0,20170301,09:53:18,138.080000000,100
US2.AAPL,0,20170301,09:53:18,138.080000000,100
US2.AAPL,0,20170301,09:53:18,138.080000000,100
US2.AAPL,0,20170301,09:53:18,138.080000000,300
US2.AAPL,0,20170301,09:53:20,138.070000000,100
US2.AAPL,0,20170301,09:53:29,138.080000000,100
US2.AAPL,0,20170301,09:53:29,138.080000000,100
US2.AAPL,0,20170301,09:53:29,138.070000000,100
US2.AAPL,0,20170301,09:53:31,138.080000000,100
US2.AAPL,0,20170301,09:53:31,138.080000000,100
US2.AAPL,0,20170301,09:53:33,138.090000000,100
US2.AAPL,0,20170301,09:53:33,138.090000000,100
US2.AAPL,0,20170301,09:53:33,138.090000000,100
US2.AAPL,0,20170301,09:53:35,138.080000000,100
US2.AAPL,0,20170301,09:53:36,138.080000000,100
US2.AAPL,0,20170301,09:53:37,138.080000000,100
US2.AAPL,0,20170301,09:53:38,138.080000000,100
US2.AAPL,0,20170301,09:53:38,138.070000000,100
US2.AAPL,0,20170301,09:53:38,138.070000000,100
US2.AAPL,0,20170301,09:53:38,138.075000000,100
US2.AAPL,0,20170301,09:53:38,138.070000000,100
US2.AAPL,0,20170301,09:53:41,138.090000000,100
US2.AAPL,0,20170301,09:53:41,138.090000000,100
US2.AAPL,0,20170301,09:53:41,138.100000000,100
US2.AAPL,0,20170301,09:53:42,138.090000000,200
US2.AAPL,0,20170301,09:53:42,138.080000000,100
US2.AAPL,0,20170301,09:53:44,138.090000000,100
US2.AAPL,0,20170301,09:53:44,138.090000000,100
US2.AAPL,0,20170301,09:54:01,138.100000000,943
US2.AAPL,0,20170301,09:54:01,138.100000000,100
US2.AAPL,0,20170301,09:54:02,138.110000000,100
US2.AAPL,0,20170301,09:54:02,138.100000000,100
US2.AAPL,0,20170301,09:54:05,138.130000000,100
US2.AAPL,0,20170301,09:54:05,138.140000000,100
US2.AAPL,0,20170301,09:54:06,138.150000000,100
US2.AAPL,0,20170301,09:54:06,138.150000000,100
US2.AAPL,0,20170301,09:54:10,138.140000000,100
US2.AAPL,0,20170301,09:54:10,138.140000000,100
US2.AAPL,0,20170301,09:54:10,138.140000000,100
US2.AAPL,0,20170301,09:54:11,138.140000000,100
US2.AAPL,0,20170301,09:54:13,138.140000000,100
US2.AAPL,0,20170301,09:54:15,138.130000000,100
US2.AAPL,0,20170301,09:54:15,138.130000000,100
US2.AAPL,0,20170301,09:54:15,138.130000000,100
US2.AAPL,0,20170301,09:54:16,138.140000000,100
US2.AAPL,0,20170301,09:54:21,138.140000000,100
US2.AAPL,0,20170301,09:54:21,138.140000000,100
US2.AAPL,0,20170301,09:54:21,138.140000000,100
US2.AAPL,0,20170301,09:54:21,138.140000000,100
US2.AAPL,0,20170301,09:54:21,138.140000000,100
US2.AAPL,0,20170301,09:54:24,138.150000000,100
US2.AAPL,0,20170301,09:54:25,138.160000000,100
US2.AAPL,0,20170301,09:54:25,138.160000000,100
US2.AAPL,0,20170301,09:54:25,138.160000000,100
US2.AAPL,0,20170301,09:54:25,138.150000000,100
US2.AAPL,0,20170301,09:54:25,138.150000000,100
US2.AAPL,0,20170301,09:54:25,138.150000000,100
US2.AAPL,0,20170301,09:54:27,138.140000000,100
US2.AAPL,0,20170301,09:54:27,138.140000000,100
US2.AAPL,0,20170301,09:54:27,138.140000000,142
US2.AAPL,0,20170301,09:54:27,138.140000000,100
US2.AAPL,0,20170301,09:54:36,138.150000000,100
US2.AAPL,0,20170301,09:54:36,138.140000000,100
US2.AAPL,0,20170301,09:54:36,138.140000000,100
US2.AAPL,0,20170301,09:54:36,138.140000000,100
US2.AAPL,0,20170301,09:54:36,138.130000000,100
US2.AAPL,0,20170301,09:54:36,138.130000000,100
US2.AAPL,0,20170301,09:54:36,138.130000000,100
US2.AAPL,0,20170301,09:54:37,138.120000000,100
US2.AAPL,0,20170301,09:54:37,138.120000000,100
US2.AAPL,0,20170301,09:54:37,138.120000000,100
US2.AAPL,0,20170301,09:54:37,138.110000000,100
US2.AAPL,0,20170301,09:54:44,138.100000000,200
US2.AAPL,0,20170301,09:54:46,138.090000000,150
US2.AAPL,0,20170301,09:54:46,138.090000000,100
US2.AAPL,0,20170301,09:54:46,138.090000000,100
US2.AAPL,0,20170301,09:54:48,138.110000000,100
US2.AAPL,0,20170301,09:54:48,138.110000000,100
US2.AAPL,0,20170301,09:54:48,138.120000000,100
US2.AAPL,0,20170301,09:54:48,138.120000000,100
US2.AAPL,0,20170301,09:54:49,138.130000000,100
US2.AAPL,0,20170301,09:54:49,138.140000000,100
US2.AAPL,0,20170301,09:54:49,138.140000000,100
US2.AAPL,0,20170301,09:54:49,138.130000000,100
US2.AAPL,0,20170301,09:54:49,138.130000000,100
US2.AAPL,0,20170301,09:54:50,138.130000000,100
US2.AAPL,0,20170301,09:54:50,138.130000000,100
US2.AAPL,0,20170301,09:54:50,138.130000000,100
US2.AAPL,0,20170301,09:54:52,138.100000000,100
US2.AAPL,0,20170301,09:54:52,138.100000000,100
US2.AAPL,0,20170301,09:55:03,138.110000000,100
US2.AAPL,0,20170301,09:55:03,138.110000000,100
US2.AAPL,0,20170301,09:55:04,138.110000000,100
US2.AAPL,0,20170301,09:55:04,138.110000000,100
US2.AAPL,0,20170301,09:55:04,138.110000000,100
US2.AAPL,0,20170301,09:55:07,138.120000000,100
US2.AAPL,0,20170301,09:55:17,138.110000000,149
US2.AAPL,0,20170301,09:55:17,138.110000000,140
US2.AAPL,0,20170301,09:55:20,138.090000000,100
US2.AAPL,0,20170301,09:55:25,138.100000000,100
US2.AAPL,0,20170301,09:55:25,138.110000000,100
US2.AAPL,0,20170301,09:55:25,138.110000000,100
US2.AAPL,0,20170301,09:55:30,138.100000000,100
US2.AAPL,0,20170301,09:55:30,138.100000000,100
US2.AAPL,0,20170301,09:55:31,138.090000000,100
US2.AAPL,0,20170301,09:55:31,138.090000000,426
US2.AAPL,0,20170301,09:55:34,138.100000000,100
US2.AAPL,0,20170301,09:55:36,138.110000000,200
US2.AAPL,0,20170301,09:55:36,138.110000000,100
US2.AAPL,0,20170301,09:55:36,138.110000000,100
US2.AAPL,0,20170301,09:55:36,138.110000000,100
US2.AAPL,0,20170301,09:55:36,138.100000000,200
US2.AAPL,0,20170301,09:55:36,138.100000000,100
US2.AAPL,0,20170301,09:55:36,138.100000000,100
US2.AAPL,0,20170301,09:55:37,138.080000000,100
US2.AAPL,0,20170301,09:55:37,138.080000000,100
US2.AAPL,0,20170301,09:55:41,138.090000000,100
US2.AAPL,0,20170301,09:55:41,138.100000000,100
US2.AAPL,0,20170301,09:55:44,138.110000000,100
US2.AAPL,0,20170301,09:55:44,138.110000000,100
US2.AAPL,0,20170301,09:55:44,138.110000000,100
US2.AAPL,0,20170301,09:55:44,138.110000000,100
US2.AAPL,0,20170301,09:55:44,138.110000000,100
US2.AAPL,0,20170301,09:55:46,138.110000000,100
US2.AAPL,0,20170301,09:55:48,138.130000000,100
US2.AAPL,0,20170301,09:55:50,138.140000000,100
US2.AAPL,0,20170301,09:55:50,138.140000000,100
US2.AAPL,0,20170301,09:55:50,138.140000000,100
US2.AAPL,0,20170301,09:55:52,138.130000000,100
US2.AAPL,0,20170301,09:55:52,138.130000000,100
US2.AAPL,0,20170301,09:55:52,138.130000000,100
US2.AAPL,0,20170301,09:55:52,138.130000000,100
US2.AAPL,0,20170301,09:55:55,138.140000000,100
US2.AAPL,0,20170301,09:56:01,138.140000000,100
US2.AAPL,0,20170301,09:56:01,138.140000000,100
US2.AAPL,0,20170301,09:56:01,138.140000000,100
US2.AAPL,0,20170301,09:56:01,138.140000000,100
US2.AAPL,0,20170301,09:56:04,138.150000000,100
US2.AAPL,0,20170301,09:56:04,138.160000000,100
US2.AAPL,0,20170301,09:56:05,138.170000000,100
US2.AAPL,0,20170301,09:56:05,138.160000000,120
US2.AAPL,0,20170301,09:56:05,138.160000000,100
US2.AAPL,0,20170301,09:56:05,138.160000000,100
US2.AAPL,0,20170301,09:56:07,138.170000000,100
US2.AAPL,0,20170301,09:56:07,138.170000000,100
US2.AAPL,0,20170301,09:56:07,138.170000000,100
US2.AAPL,0,20170301,09:56:07,138.180000000,100
US2.AAPL,0,20170301,09:56:09,138.185000000,375
US2.AAPL,0,20170301,09:56:10,138.180000000,273
US2.AAPL,0,20170301,09:56:10,138.170000000,100
US2.AAPL,0,20170301,09:56:11,138.170000000,100
US2.AAPL,0,20170301,09:56:11,138.170000000,100
US2.AAPL,0,20170301,09:56:11,138.170000000,100
US2.AAPL,0,20170301,09:56:11,138.170000000,100
US2.AAPL,0,20170301,09:56:11,138.170000000,100
US2.AAPL,0,20170301,09:56:11,138.170000000,100
US2.AAPL,0,20170301,09:56:11,138.170000000,100
US2.AAPL,0,20170301,09:56:11,138.170000000,100
US2.AAPL,0,20170301,09:56:12,138.160000000,439
US2.AAPL,0,20170301,09:56:13,138.160000000,261
US2.AAPL,0,20170301,09:56:14,138.160000000,100
US2.AAPL,0,20170301,09:56:14,138.150000000,100
US2.AAPL,0,20170301,09:56:14,138.160000000,100
US2.AAPL,0,20170301,09:56:16,138.160000000,100
US2.AAPL,0,20170301,09:56:17,138.170000000,100
US2.AAPL,0,20170301,09:56:19,138.170000000,100
US2.AAPL,0,20170301,09:56:25,138.180000000,100
US2.AAPL,0,20170301,09:56:25,138.180000000,100
US2.AAPL,0,20170301,09:56:34,138.170000000,100
US2.AAPL,0,20170301,09:56:35,138.180000000,100
US2.AAPL,0,20170301,09:56:36,138.180000000,100
US2.AAPL,0,20170301,09:56:37,138.180000000,200
US2.AAPL,0,20170301,09:56:40,138.180000000,100
US2.AAPL,0,20170301,09:56:40,138.160000000,172
US2.AAPL,0,20170301,09:56:40,138.160000000,100
US2.AAPL,0,20170301,09:56:40,138.150000000,100
US2.AAPL,0,20170301,09:56:40,138.150000000,100
US2.AAPL,0,20170301,09:56:40,138.150000000,100
US2.AAPL,0,20170301,09:56:40,138.140000000,339
US2.AAPL,0,20170301,09:56:42,138.140000000,100
US2.AAPL,0,20170301,09:56:48,138.140000000,100
US2.AAPL,0,20170301,09:56:49,138.140000000,100
US2.AAPL,0,20170301,09:56:49,138.140000000,100
US2.AAPL,0,20170301,09:56:50,138.140000000,100
US2.AAPL,0,20170301,09:56:51,138.140000000,100
US2.AAPL,0,20170301,09:56:51,138.130000000,100
US2.AAPL,0,20170301,09:56:56,138.135000000,100
US2.AAPL,0,20170301,09:56:57,138.130000000,209
US2.AAPL,0,20170301,09:56:57,138.120000000,100
US2.AAPL,0,20170301,09:57:00,138.150000000,100
US2.AAPL,0,20170301,09:57:01,138.150000000,100
US2.AAPL,0,20170301,09:57:03,138.140000000,100
US2.AAPL,0,20170301,09:57:03,138.140000000,100
US2.AAPL,0,20170301,09:57:14,138.140000000,100
US2.AAPL,0,20170301,09:57:14,138.140000000,100
US2.AAPL,0,20170301,09:57:19,138.150000000,100
US2.AAPL,0,20170301,09:57:19,138.150000000,100
US2.AAPL,0,20170301,09:57:19,138.150000000,100
US2.AAPL,0,20170301,09:57:23,138.160000000,2300
US2.AAPL,0,20170301,09:57:27,138.170000000,100
US2.AAPL,0,20170301,09:57:27,138.180000000,100
US2.AAPL,0,20170301,09:57:27,138.180000000,100
US2.AAPL,0,20170301,09:57:27,138.180000000,500
US2.AAPL,0,20170301,09:57:29,138.180000000,100
US2.AAPL,0,20170301,09:57:29,138.180000000,100
US2.AAPL,0,20170301,09:57:29,138.180000000,100
US2.AAPL,0,20170301,09:57:29,138.170000000,100
US2.AAPL,0,20170301,09:57:29,138.170000000,100
US2.AAPL,0,20170301,09:57:29,138.170000000,100
US2.AAPL,0,20170301,09:57:29,138.170000000,100
US2.AAPL,0,20170301,09:57:39,138.170000000,100
US2.AAPL,0,20170301,09:57:47,138.170000000,100
US2.AAPL,0,20170301,09:57:47,138.170000000,200
US2.AAPL,0,20170301,09:57:52,138.140000000,100
US2.AAPL,0,20170301,09:57:52,138.150000000,200
US2.AAPL,0,20170301,09:57:52,138.150000000,100
US2.AAPL,0,20170301,09:57:53,138.150000000,100
US2.AAPL,0,20170301,09:57:53,138.150000000,100
US2.AAPL,0,20170301,09:57:54,138.150000000,100
US2.AAPL,0,20170301,09:57:57,138.150000000,300
US2.AAPL,0,20170301,09:57:57,138.140000000,100
US2.AAPL,0,20170301,09:57:57,138.140000000,100
US2.AAPL,0,20170301,09:57:57,138.140000000,100
US2.AAPL,0,20170301,09:57:57,138.130000000,100
US2.AAPL,0,20170301,09:57:57,138.130000000,100
US2.AAPL,0,20170301,09:57:57,138.130000000,100
US2.AAPL,0,20170301,09:57:57,138.130000000,100
US2.AAPL,0,20170301,09:57:59,138.150000000,100
US2.AAPL,0,20170301,09:57:59,138.150000000,137
US2.AAPL,0,20170301,09:58:00,138.150000000,100
US2.AAPL,0,20170301,09:58:03,138.160000000,100
US2.AAPL,0,20170301,09:58:04,138.150000000,100
US2.AAPL,0,20170301,09:58:07,138.150000000,100
US2.AAPL,0,20170301,09:58:11,138.150000000,100
US2.AAPL,0,20170301,09:58:11,138.150000000,100
US2.AAPL,0,20170301,09:58:12,138.150000000,100
US2.AAPL,0,20170301,09:58:31,138.140000000,200
US2.AAPL,0,20170301,09:58:31,138.140000000,100
US2.AAPL,0,20170301,09:58:31,138.130000000,200
US2.AAPL,0,20170301,09:58:31,138.120000000,100
US2.AAPL,0,20170301,09:58:31,138.120000000,100
US2.AAPL,0,20170301,09:58:31,138.120000000,100
US2.AAPL,0,20170301,09:58:35,138.130000000,100
US2.AAPL,0,20170301,09:58:41,138.140000000,100
US2.AAPL,0,20170301,09:58:41,138.140000000,100
US2.AAPL,0,20170301,09:58:43,138.130000000,100
US2.AAPL,0,20170301,09:58:43,138.130000000,100
US2.AAPL,0,20170301,09:58:43,138.130000000,100
US2.AAPL,0,20170301,09:58:43,138.130000000,100
US2.AAPL,0,20170301,09:58:45,138.120000000,100
US2.AAPL,0,20170301,09:58:51,138.120000000,100
US2.AAPL,0,20170301,09:58:59,138.130000000,100
US2.AAPL,0,20170301,09:58:59,138.130000000,100
US2.AAPL,0,20170301,09:58:59,138.130000000,100
US2.AAPL,0,20170301,09:59:02,138.120000000,100
US2.AAPL,0,20170301,09:59:03,138.110000000,100
US2.AAPL,0,20170301,09:59:08,138.110000000,100
US2.AAPL,0,20170301,09:59:21,138.110000000,100
US2.AAPL,0,20170301,09:59:23,138.110000000,100
US2.AAPL,0,20170301,09:59:23,138.110000000,200
US2.AAPL,0,20170301,09:59:23,138.110000000,100
US2.AAPL,0,20170301,09:59:24,138.120000000,100
US2.AAPL,0,20170301,09:59:28,138.120000000,100
US2.AAPL,0,20170301,09:59:30,138.120000000,100
US2.AAPL,0,20170301,09:59:33,138.120000000,100
US2.AAPL,0,20170301,09:59:35,138.120000000,200
US2.AAPL,0,20170301,09:59:39,138.130000000,100
US2.AAPL,0,20170301,09:59:39,138.130000000,184
US2.AAPL,0,20170301,09:59:39,138.130000000,300
US2.AAPL,0,20170301,09:59:39,138.130000000,458
US2.AAPL,0,20170301,09:59:39,138.140000000,100
US2.AAPL,0,20170301,09:59:39,138.140000000,100
US2.AAPL,0,20170301,09:59:44,138.150000000,254
US2.AAPL,0,20170301,09:59:45,138.150000000,246
US2.AAPL,0,20170301,09:59:49,138.150000000,100
US2.AAPL,0,20170301,09:59:50,138.140000000,100
US2.AAPL,0,20170301,09:59:51,138.130000000,100
US2.AAPL,0,20170301,09:59:51,138.130000000,100
US2.AAPL,0,20170301,09:59:51,138.140000000,100
US2.AAPL,0,20170301,09:59:51,138.130000000,100
US2.AAPL,0,20170301,09:59:52,138.140000000,100
US2.AAPL,0,20170301,09:59:55,138.140000000,200
US2.AAPL,0,20170301,09:59:57,138.150000000,100
US2.AAPL,0,20170301,09:59:59,138.150000000,100
US2.AAPL,0,20170301,09:59:59,138.150000000,100
US2.AAPL,0,20170301,09:59:59,138.140000000,100
US2.AAPL,0,20170301,10:00:00,138.170000000,100
US2.AAPL,0,20170301,10:00:00,138.180000000,100
US2.AAPL,0,20170301,10:00:00,138.190000000,100
US2.AAPL,0,20170301,10:00:01,138.195000000,100
US2.AAPL,0,20170301,10:00:01,138.200000000,100
US2.AAPL,0,20170301,10:00:01,138.195000000,100
US2.AAPL,0,20170301,10:00:01,138.195000000,100
US2.AAPL,0,20170301,10:00:01,138.200000000,400
US2.AAPL,0,20170301,10:00:01,138.200000000,100
US2.AAPL,0,20170301,10:00:01,138.200000000,100
US2.AAPL,0,20170301,10:00:04,138.210000000,100
US2.AAPL,0,20170301,10:00:04,138.210000000,100
US2.AAPL,0,20170301,10:00:04,138.210000000,100
US2.AAPL,0,20170301,10:00:04,138.210000000,100
US2.AAPL,0,20170301,10:00:05,138.200000000,100
US2.AAPL,0,20170301,10:00:07,138.150000000,100
US2.AAPL,0,20170301,10:00:10,138.150000000,100
US2.AAPL,0,20170301,10:00:10,138.145000000,100
US2.AAPL,0,20170301,10:00:22,138.140000000,100
US2.AAPL,0,20170301,10:00:22,138.140000000,100
US2.AAPL,0,20170301,10:00:24,138.150000000,100
US2.AAPL,0,20170301,10:00:29,138.160000000,100
US2.AAPL,0,20170301,10:00:30,138.160000000,100
US2.AAPL,0,20170301,10:00:30,138.165000000,100
US2.AAPL,0,20170301,10:00:32,138.170000000,100
US2.AAPL,0,20170301,10:00:32,138.180000000,300
US2.AAPL,0,20170301,10:00:32,138.180000000,300
US2.AAPL,0,20170301,10:00:32,138.180000000,200
US2.AAPL,0,20170301,10:00:32,138.180000000,185
US2.AAPL,0,20170301,10:00:32,138.180000000,230
US2.AAPL,0,20170301,10:00:32,138.180000000,227
US2.AAPL,0,20170301,10:00:32,138.180000000,115
US2.AAPL,0,20170301,10:00:33,138.180000000,135
US2.AAPL,0,20170301,10:00:35,138.180000000,153
US2.AAPL,0,20170301,10:00:36,138.180000000,100
US2.AAPL,0,20170301,10:00:38,138.170000000,100
US2.AAPL,0,20170301,10:00:51,138.180000000,100
US2.AAPL,0,20170301,10:00:51,138.180000000,100
US2.AAPL,0,20170301,10:00:51,138.180000000,100
US2.AAPL,0,20170301,10:00:56,138.180000000,100
US2.AAPL,0,20170301,10:00:56,138.180000000,339
US2.AAPL,0,20170301,10:00:56,138.190000000,100
US2.AAPL,0,20170301,10:00:58,138.190000000,200
US2.AAPL,0,20170301,10:00:58,138.180000000,100
US2.AAPL,0,20170301,10:00:58,138.180000000,100
US2.AAPL,0,20170301,10:00:58,138.190000000,200
US2.AAPL,0,20170301,10:00:58,138.190000000,100
US2.AAPL,0,20170301,10:00:59,138.190000000,100
US2.AAPL,0,20170301,10:01:02,138.200000000,200
US2.AAPL,0,20170301,10:01:03,138.190000000,100
US2.AAPL,0,20170301,10:01:04,138.170000000,100
US2.AAPL,0,20170301,10:01:04,138.170000000,200
US2.AAPL,0,20170301,10:01:05,138.190000000,100
US2.AAPL,0,20170301,10:01:05,138.190000000,100
US2.AAPL,0,20170301,10:01:05,138.190000000,100
US2.AAPL,0,20170301,10:01:07,138.190000000,100
US2.AAPL,0,20170301,10:01:10,138.170000000,100
US2.AAPL,0,20170301,10:01:11,138.170000000,100
US2.AAPL,0,20170301,10:01:15,138.180000000,100
US2.AAPL,0,20170301,10:01:15,138.180000000,100
US2.AAPL,0,20170301,10:01:15,138.180000000,306
US2.AAPL,0,20170301,10:01:16,138.200000000,100
US2.AAPL,0,20170301,10:01:16,138.200000000,100
US2.AAPL,0,20170301,10:01:17,138.220000000,100
US2.AAPL,0,20170301,10:01:21,138.230000000,100
US2.AAPL,0,20170301,10:01:21,138.240000000,100
US2.AAPL,0,20170301,10:01:21,138.240000000,100
US2.AAPL,0,20170301,10:01:21,138.240000000,100
US2.AAPL,0,20170301,10:01:21,138.240000000,100
US2.AAPL,0,20170301,10:01:21,138.250000000,100
US2.AAPL,0,20170301,10:01:23,138.250000000,126
US2.AAPL,0,20170301,10:01:23,138.250000000,100
US2.AAPL,0,20170301,10:01:24,138.250000000,100
US2.AAPL,0,20170301,10:01:24,138.250000000,100
US2.AAPL,0,20170301,10:01:24,138.250000000,200
US2.AAPL,0,20170301,10:01:24,138.250000000,100
US2.AAPL,0,20170301,10:01:26,138.260000000,100
US2.AAPL,0,20170301,10:01:26,138.270000000,100
US2.AAPL,0,20170301,10:01:28,138.270000000,100
US2.AAPL,0,20170301,10:01:28,138.270000000,100
US2.AAPL,0,20170301,10:01:29,138.270000000,100
US2.AAPL,0,20170301,10:01:31,138.270000000,100
US2.AAPL,0,20170301,10:01:31,138.270000000,100
US2.AAPL,0,20170301,10:01:31,138.270000000,100
US2.AAPL,0,20170301,10:01:32,138.275000000,100
US2.AAPL,0,20170301,10:01:34,138.280000000,100
US2.AAPL,0,20170301,10:01:34,138.280000000,100
US2.AAPL,0,20170301,10:01:38,138.290000000,100
US2.AAPL,0,20170301,10:01:38,138.290000000,100
US2.AAPL,0,20170301,10:01:38,138.290000000,100
US2.AAPL,0,20170301,10:01:41,138.300000000,100
US2.AAPL,0,20170301,10:01:44,138.290000000,100
US2.AAPL,0,20170301,10:01:44,138.290000000,100
US2.AAPL,0,20170301,10:01:44,138.295000000,100
US2.AAPL,0,20170301,10:01:44,138.300000000,200
US2.AAPL,0,20170301,10:01:46,138.300000000,600
US2.AAPL,0,20170301,10:01:47,138.320000000,100
US2.AAPL,0,20170301,10:01:47,138.320000000,100
US2.AAPL,0,20170301,10:01:47,138.320000000,100
US2.AAPL,0,20170301,10:01:47,138.320000000,100
US2.AAPL,0,20170301,10:01:47,138.320000000,200
US2.AAPL,0,20170301,10:01:47,138.320000000,100
US2.AAPL,0,20170301,10:01:47,138.330000000,100
US2.AAPL,0,20170301,10:01:47,138.330000000,200
US2.AAPL,0,20170301,10:01:47,138.330000000,100
US2.AAPL,0,20170301,10:01:47,138.330000000,100
US2.AAPL,0,20170301,10:01:48,138.330000000,100
US2.AAPL,0,20170301,10:01:49,138.330000000,115
US2.AAPL,0,20170301,10:01:50,138.330000000,100
US2.AAPL,0,20170301,10:01:51,138.340000000,100
US2.AAPL,0,20170301,10:01:54,138.350000000,120
US2.AAPL,0,20170301,10:01:54,138.350000000,600
US2.AAPL,0,20170301,10:01:54,138.350000000,100
US2.AAPL,0,20170301,10:01:54,138.350000000,200
US2.AAPL,0,20170301,10:01:55,138.350000000,100
US2.AAPL,0,20170301,10:01:55,138.340000000,100
US2.AAPL,0,20170301,10:01:55,138.330000000,200
US2.AAPL,0,20170301,10:01:55,138.320000000,100
US2.AAPL,0,20170301,10:01:55,138.310000000,100
US2.AAPL,0,20170301,10:01:55,138.310000000,100
US2.AAPL,0,20170301,10:01:57,138.320000000,100
US2.AAPL,0,20170301,10:02:00,138.320000000,100
US2.AAPL,0,20170301,10:02:00,138.320000000,100
US2.AAPL,0,20170301,10:02:01,138.320000000,100
US2.AAPL,0,20170301,10:02:02,138.330000000,100
US2.AAPL,0,20170301,10:02:02,138.340000000,100
US2.AAPL,0,20170301,10:02:03,138.340000000,100
US2.AAPL,0,20170301,10:02:03,138.320000000,100
US2.AAPL,0,20170301,10:02:04,138.310000000,100
US2.AAPL,0,20170301,10:02:04,138.310000000,100
US2.AAPL,0,20170301,10:02:04,138.320000000,100
US2.AAPL,0,20170301,10:02:04,138.320000000,200
US2.AAPL,0,20170301,10:02:04,138.320000000,100
US2.AAPL,0,20170301,10:02:04,138.320000000,100
US2.AAPL,0,20170301,10:02:04,138.320000000,200
US2.AAPL,0,20170301,10:02:06,138.340000000,300
US2.AAPL,0,20170301,10:02:08,138.360000000,100
US2.AAPL,0,20170301,10:02:08,138.370000000,100
US2.AAPL,0,20170301,10:02:11,138.370000000,100
US2.AAPL,0,20170301,10:02:14,138.360000000,100
US2.AAPL,0,20170301,10:02:14,138.360000000,113
US2.AAPL,0,20170301,10:02:14,138.360000000,100
US2.AAPL,0,20170301,10:02:14,138.340000000,100
US2.AAPL,0,20170301,10:02:15,138.340000000,100
US2.AAPL,0,20170301,10:02:15,138.340000000,100
US2.AAPL,0,20170301,10:02:15,138.340000000,100
US2.AAPL,0,20170301,10:02:15,138.350000000,100
US2.AAPL,0,20170301,10:02:15,138.350000000,100
US2.AAPL,0,20170301,10:02:15,138.350000000,100
US2.AAPL,0,20170301,10:02:15,138.360000000,100
US2.AAPL,0,20170301,10:02:15,138.370000000,200
US2.AAPL,0,20170301,10:02:15,138.370000000,100
US2.AAPL,0,20170301,10:02:15,138.370000000,200
US2.AAPL,0,20170301,10:02:15,138.380000000,100
US2.AAPL,0,20170301,10:02:15,138.380000000,100
US2.AAPL,0,20170301,10:02:15,138.380000000,100
US2.AAPL,0,20170301,10:02:15,138.380000000,100
US2.AAPL,0,20170301,10:02:15,138.390000000,200
US2.AAPL,0,20170301,10:02:15,138.390000000,100
US2.AAPL,0,20170301,10:02:15,138.390000000,100
US2.AAPL,0,20170301,10:02:15,138.390000000,200
US2.AAPL,0,20170301,10:02:15,138.390000000,200
US2.AAPL,0,20170301,10:02:15,138.380000000,200
US2.AAPL,0,20170301,10:02:15,138.400000000,400
US2.AAPL,0,20170301,10:02:15,138.420000000,100
US2.AAPL,0,20170301,10:02:15,138.430000000,100
US2.AAPL,0,20170301,10:02:15,138.430000000,200
US2.AAPL,0,20170301,10:02:15,138.430000000,100
US2.AAPL,0,20170301,10:02:15,138.430000000,100
US2.AAPL,0,20170301,10:02:15,138.420000000,100
US2.AAPL,0,20170301,10:02:15,138.410000000,100
US2.AAPL,0,20170301,10:02:16,138.400000000,100
US2.AAPL,0,20170301,10:02:16,138.400000000,105
US2.AAPL,0,20170301,10:02:16,138.390000000,100
US2.AAPL,0,20170301,10:02:16,138.380000000,200
US2.AAPL,0,20170301,10:02:19,138.370000000,100
US2.AAPL,0,20170301,10:02:19,138.370000000,200
US2.AAPL,0,20170301,10:02:23,138.410000000,100
US2.AAPL,0,20170301,10:02:23,138.410000000,100
US2.AAPL,0,20170301,10:02:23,138.410000000,100
US2.AAPL,0,20170301,10:02:23,138.400000000,100
US2.AAPL,0,20170301,10:02:23,138.400000000,100
US2.AAPL,0,20170301,10:02:24,138.380000000,100
US2.AAPL,0,20170301,10:02:24,138.380000000,200
US2.AAPL,0,20170301,10:02:24,138.380000000,200
US2.AAPL,0,20170301,10:02:24,138.380000000,100
US2.AAPL,0,20170301,10:02:24,138.380000000,300
US2.AAPL,0,20170301,10:02:24,138.390000000,100
US2.AAPL,0,20170301,10:02:27,138.390000000,100
US2.AAPL,0,20170301,10:02:28,138.400000000,100
US2.AAPL,0,20170301,10:02:29,138.400000000,100
US2.AAPL,0,20170301,10:02:34,138.420000000,100
US2.AAPL,0,20170301,10:02:34,138.400000000,100
US2.AAPL,0,20170301,10:02:37,138.410000000,100
US2.AAPL,0,20170301,10:02:37,138.400000000,100
US2.AAPL,0,20170301,10:02:37,138.400000000,100
US2.AAPL,0,20170301,10:02:39,138.410000000,100
US2.AAPL,0,20170301,10:02:39,138.410000000,100
US2.AAPL,0,20170301,10:02:39,138.410000000,100
US2.AAPL,0,20170301,10:02:42,138.430000000,100
US2.AAPL,0,20170301,10:02:42,138.430000000,100
US2.AAPL,0,20170301,10:02:44,138.430000000,200
US2.AAPL,0,20170301,10:02:44,138.430000000,100
US2.AAPL,0,20170301,10:02:47,138.430000000,100
US2.AAPL,0,20170301,10:02:47,138.430000000,200
US2.AAPL,0,20170301,10:02:47,138.430000000,100
US2.AAPL,0,20170301,10:02:51,138.410000000,100
US2.AAPL,0,20170301,10:02:52,138.415000000,100
US2.AAPL,0,20170301,10:02:54,138.410000000,100
US2.AAPL,0,20170301,10:02:54,138.400000000,100
US2.AAPL,0,20170301,10:02:56,138.400000000,100
US2.AAPL,0,20170301,10:02:59,138.400000000,100
US2.AAPL,0,20170301,10:03:00,138.410000000,100
US2.AAPL,0,20170301,10:03:04,138.380000000,100
US2.AAPL,0,20170301,10:03:05,138.355000000,100
US2.AAPL,0,20170301,10:03:05,138.355000000,100
US2.AAPL,0,20170301,10:03:05,138.350000000,100
US2.AAPL,0,20170301,10:03:05,138.350000000,100
US2.AAPL,0,20170301,10:03:11,138.355000000,100
US2.AAPL,0,20170301,10:03:12,138.355000000,100
US2.AAPL,0,20170301,10:03:15,138.350000000,100
US2.AAPL,0,20170301,10:03:15,138.350000000,100
US2.AAPL,0,20170301,10:03:18,138.355000000,101
US2.AAPL,0,20170301,10:03:20,138.355000000,201
US2.AAPL,0,20170301,10:03:23,138.355000000,100
US2.AAPL,0,20170301,10:03:26,138.360000000,100
US2.AAPL,0,20170301,10:03:26,138.355000000,100
US2.AAPL,0,20170301,10:03:26,138.360000000,200
US2.AAPL,0,20170301,10:03:26,138.350000000,100
US2.AAPL,0,20170301,10:03:27,138.360000000,100
US2.AAPL,0,20170301,10:03:27,138.350000000,100
US2.AAPL,0,20170301,10:03:33,138.340000000,100
US2.AAPL,0,20170301,10:03:38,138.360000000,200
US2.AAPL,0,20170301,10:03:38,138.360000000,100
US2.AAPL,0,20170301,10:03:40,138.365000000,100
US2.AAPL,0,20170301,10:03:40,138.360000000,100
US2.AAPL,0,20170301,10:03:41,138.370000000,165
US2.AAPL,0,20170301,10:03:50,138.360000000,100
US2.AAPL,0,20170301,10:03:53,138.370000000,200
US2.AAPL,0,20170301,10:03:53,138.370000000,200
US2.AAPL,0,20170301,10:03:53,138.370000000,100
US2.AAPL,0,20170301,10:03:54,138.390000000,100
US2.AAPL,0,20170301,10:03:57,138.390000000,100
US2.AAPL,0,20170301,10:03:58,138.385000000,100
US2.AAPL,0,20170301,10:03:58,138.380000000,100
US2.AAPL,0,20170301,10:04:00,138.380000000,100
US2.AAPL,0,20170301,10:04:00,138.380000000,100
US2.AAPL,0,20170301,10:04:00,138.380000000,100
US2.AAPL,0,20170301,10:04:01,138.380000000,100
US2.AAPL,0,20170301,10:04:02,138.370000000,100
US2.AAPL,0,20170301,10:04:03,138.380000000,100
US2.AAPL,0,20170301,10:04:03,138.380000000,100
US2.AAPL,0,20170301,10:04:03,138.380000000,200
US2.AAPL,0,20170301,10:04:03,138.380000000,100
US2.AAPL,0,20170301,10:04:04,138.370000000,100
US2.AAPL,0,20170301,10:04:06,138.360000000,100
US2.AAPL,0,20170301,10:04:10,138.370000000,100
US2.AAPL,0,20170301,10:04:10,138.370000000,100
US2.AAPL,0,20170301,10:04:11,138.380000000,100
US2.AAPL,0,20170301,10:04:12,138.370000000,100
US2.AAPL,0,20170301,10:04:12,138.350000000,100
US2.AAPL,0,20170301,10:04:14,138.360000000,178
US2.AAPL,0,20170301,10:04:14,138.360000000,100
US2.AAPL,0,20170301,10:04:14,138.370000000,100
US2.AAPL,0,20170301,10:04:15,138.370000000,100
US2.AAPL,0,20170301,10:04:21,138.380000000,100
US2.AAPL,0,20170301,10:04:22,138.380000000,100
US2.AAPL,0,20170301,10:04:24,138.400000000,100
US2.AAPL,0,20170301,10:04:26,138.390000000,200
US2.AAPL,0,20170301,10:04:26,138.390000000,100
US2.AAPL,0,20170301,10:04:27,138.380000000,100
US2.AAPL,0,20170301,10:04:27,138.380000000,200
US2.AAPL,0,20170301,10:04:29,138.380000000,100
US2.AAPL,0,20170301,10:04:35,138.380000000,200
US2.AAPL,0,20170301,10:04:38,138.380000000,100
US2.AAPL,0,20170301,10:04:38,138.380000000,100
US2.AAPL,0,20170301,10:04:38,138.360000000,100
US2.AAPL,0,20170301,10:04:49,138.380000000,100
US2.AAPL,0,20170301,10:04:53,138.390000000,100
US2.AAPL,0,20170301,10:04:55,138.390000000,100
US2.AAPL,0,20170301,10:05:01,138.390000000,100
US2.AAPL,0,20170301,10:05:03,138.400000000,200
US2.AAPL,0,20170301,10:05:03,138.400000000,100
US2.AAPL,0,20170301,10:05:04,138.400000000,100
US2.AAPL,0,20170301,10:05:05,138.420000000,100
US2.AAPL,0,20170301,10:05:05,138.420000000,100
US2.AAPL,0,20170301,10:05:05,138.420000000,139
US2.AAPL,0,20170301,10:05:07,138.420000000,100
US2.AAPL,0,20170301,10:05:07,138.420000000,100
US2.AAPL,0,20170301,10:05:07,138.420000000,100
US2.AAPL,0,20170301,10:05:07,138.420000000,100
US2.AAPL,0,20170301,10:05:07,138.420000000,100
US2.AAPL,0,20170301,10:05:08,138.430000000,100
US2.AAPL,0,20170301,10:05:10,138.420000000,100
US2.AAPL,0,20170301,10:05:10,138.420000000,100
US2.AAPL,0,20170301,10:05:10,138.410000000,200
US2.AAPL,0,20170301,10:05:10,138.410000000,200
US2.AAPL,0,20170301,10:05:10,138.410000000,100
US2.AAPL,0,20170301,10:05:10,138.410000000,100
US2.AAPL,0,20170301,10:05:12,138.420000000,100
US2.AAPL,0,20170301,10:05:16,138.430000000,100
US2.AAPL,0,20170301,10:05:17,138.420000000,100
